{"2011Q1": {"Date": [2010, 2011, 2012, 2013, 2014, 2015, 2016, 2017, 2018, 2019, 2020, "Terminal"], "revenueGrowth": [0.0, 8.393599177406921, 9.24537474367072, 10.097150309934518, 10.948925876198317, 10.948925876198315, 9.446807367558652, 7.944688858918989, 6.4425703502793255, 4.940451841639662, 3.438333332999999, 3.438333333], "Revenues": [65759000000.0, 71278546883.07101, 77868515654.25395, 85731016723.97887, 95117642197.99849, 105532002337.44487, 115501407309.39078, 124677634747.79459, 132710079077.48557, 139266556623.31067, 144055005061.4113, 149008096318.29263], "operatingMargin": [35.05274309726932, 35.05274309726932, 35.05274309726932, 35.05274309726932, 35.05274309726932, 35.05274309726932, 35.05274309726932, 35.05274309726932, 35.05274309726932, 35.05274309726932, 35.05274309726932, 35.05274309726932], "OperatingIncome": [23050333333.333336, 24985085922.389553, 27295050745.942585, 30051073046.93331, 33341342759.84425, 36991861664.74881, 40486411577.8914, 43702931007.896225, 46518523083.21398, 48816748313.58221, 50495230842.93482, 52231425196.58275], "Effective_tax_rate": [25.045490938205113, 25.045490938205113, 25.045490938205113, 25.045490938205113, 25.045490938205113, 25.045490938205113, 25.43639275056409, 25.827294562923065, 26.21819637528204, 26.609098187641017, 26.999999999999993, 27.0], "EBIT(1-t)": [17277264187.10726, 18727448491.794716, 20458871284.789047, 22524634270.13023, 24990839780.25155, 27727068303.630775, 30188128918.329098, 32415646283.855824, 34322205350.376034, 35827051822.80753, 36861518515.34242, 38128940393.5054], "Reinvestment": [2204573228.2131414, 2204573228.2131414, 2632112569.2888947, 3140377232.4637976, 3749130800.3481464, 4159620352.6799855, 3981899921.8534513, 3665095301.345521, 3208254608.8450994, 2618735772.17709, 1912563740.2761111, 12559476932.25096], "Invested Capital": [26264933333.33333, 28469506561.54647, 30674079789.759613, 33306192359.048508, 36446569591.51231, 40195700391.86045, 44355320744.540436, 48337220666.39389, 52002315967.73941, 55210570576.58451, 57829306348.761604, 59741870089.03771], "cost_to_capital": [0.0, 8.97985749815611, 8.97985749815611, 8.97985749815611, 8.97985749815611, 8.97985749815611, 8.771552665124887, 8.563247832093666, 8.354942999062445, 8.146638166031224, 7.938333333000002, 7.938333333], "ROIC": [65.7807273593204, 65.7807273593204, 66.69758775165975, 67.62896829307124, 68.56842786672419, 68.98018453049633, 68.05976918123147, 67.06146078935103, 66.00130150293391, 64.891652900255, 63.74193439747492, 10.438333333], "FCFF": [15072690958.89412, 16522875263.581573, 17826758715.500153, 19384257037.66643, 21241708979.903404, 23567447950.95079, 26206228996.475647, 28750550982.510303, 31113950741.530933, 33208316050.630444, 34948954775.066315, 25569463461.25444], "Cumulated discount factor": [0.0, 0.9176007594035619, 0.8419911536579935, 0.772611722007656, 0.7089491028383188, 0.6505322351429152, 0.5980720318902771, 0.5508973283622361, 0.5084191944681313, 0.4701202026156236, 0.4355451748224221, 0.0], "PV FCFF": [0.0, 15161402889.39278, 15009973136.846664, 14976504209.710487, 15059290524.055178, 15331384592.146336, 15673212624.104088, 15838601725.20719, 15818929772.730274, 15611900270.24605, 15221848617.367182, 0.0], "Price Target USD": [49.993364282483874, 54.62944489406153, 59.695447431189145, 65.23124023903894, 71.28038881068908, 77.89049863813943, 85.11358985724577, 93.00650663494706, 101.6313645205749, 111.05603928180321, 121.3547010722714, 132.60839813466495], "Price Target Local": [49.993364282483874, 54.62944489406153, 59.695447431189145, 65.23124023903894, 71.28038881068908, 77.89049863813943, 85.11358985724577, 93.00650663494706, 101.6313645205749, 111.05603928180321, 121.3547010722714, 132.60839813466495], "Terminal cash flow": 25569463461.25444, "Terminal cost of capital": 7.938333333, "Terminal value": 568210299138.9875, "PV(Terminal value)": 247481254074.39108, "PV (CF over next 10 years)": 153703048361.8062, "Sum of PV": 401184302436.19727, "Value of operating assets": 401184302436.19727, "Debt": 10665000000, "Minority Interests": 0, "Cash Marketable": 44173000000, "Non-operating assets": 0, "Value of equity": 434692302436.19727, "Value of equity in common stock": 434692302436.19727, "Number of shares": 8695000000, "Estimated value /share": 49.993364282483874, "Estimated value /share (Local Currency)": 49.993364282483874, "Current price": 20.19, "Valuation": -147.61448381616577}, "2011Q2": {"Date": [2010, 2011, 2012, 2013, 2014, 2015, 2016, 2017, 2018, 2019, 2020, "Terminal"], "revenueGrowth": [0.0, 8.393599177406921, 9.24537474367072, 10.097150309934518, 10.948925876198317, 10.948925876198315, 9.403174034358653, 7.85742219251899, 6.311670350679327, 4.765918508839664, 3.220166667000001, 3.220166667], "Revenues": [66690000000.0, 72287691291.41267, 78970959244.8516, 86944775701.00139, 96464294745.73091, 107026098874.43845, 117089949213.78667, 126290200868.51996, 134261222032.5517, 140660002463.5954, 145189488976.7295, 149864832504.7458], "operatingMargin": [33.87964212525616, 33.87964212525616, 33.87964212525616, 33.87964212525616, 33.87964212525616, 33.87964212525616, 33.87964212525616, 33.87964212525616, 33.87964212525616, 33.87964212525616, 33.87964212525616, 33.87964212525616], "OperatingIncome": [22594333333.333332, 24490811110.140575, 26755078375.037613, 29456578854.10595, 32681757838.505913, 36260059279.282555, 39669655758.27511, 42786668093.521706, 45487221537.62409, 47655105448.04262, 49189679268.80419, 50773668924.22244], "Effective_tax_rate": [24.08090949357744, 24.08090949357744, 24.08090949357744, 24.08090949357744, 24.08090949357744, 24.08090949357744, 24.66472759486195, 25.24854569614646, 25.832363797430972, 26.416181898715482, 26.999999999999993, 27.0], "EBIT(1-t)": [17153412372.656134, 18593201052.464615, 20312212166.609097, 22363166760.344425, 24811693312.505154, 27528307221.920994, 29885243227.677082, 31983656648.07036, 33736796988.681664, 35066446108.86301, 35908465866.227066, 37064778314.68238], "Reinvestment": [2497459477.909579, 2497459477.909579, 2981799106.951658, 3557588735.5690465, 4247217616.2827578, 4712242324.890391, 4490075837.663019, 4104773646.5060115, 3556341591.2678814, 2854872482.71232, 2020870468.4454873, 11678357852.428225], "Invested Capital": [29754333333.33333, 32251792811.24291, 34749252289.15249, 37731051396.10415, 41288640131.673195, 45535857747.955956, 50248100072.846344, 54738175910.50936, 58842949557.01537, 62399291148.28326, 65254163630.995575, 67275034099.44106], "cost_to_capital": [0.0, 8.656191653071954, 8.656191653071954, 8.656191653071954, 8.656191653071954, 8.656191653071954, 8.468986655857563, 8.281781658643173, 8.094576661428782, 7.907371664214391, 7.720166667000001, 7.720166667], "ROIC": [57.650131765645796, 57.650131765645796, 58.45366685184724, 59.26992737513138, 60.093268350273654, 60.4541312788968, 59.475369584823014, 58.43025660986578, 57.33362661569621, 56.19686612389949, 55.02862019546386, 10.220166667], "FCFF": [14655952894.746555, 16095741574.555037, 17330413059.65744, 18805578024.77538, 20564475696.222397, 22816064897.0306, 25395167390.01406, 27878883001.564346, 30180455397.41378, 32211573626.15069, 33887595397.781578, 25386420462.254158], "Cumulated discount factor": [0.0, 0.9203341151444892, 0.8470148834987898, 0.7795366933190713, 0.7174342128684684, 0.660279181474685, 0.6087262376383863, 0.5621686569190257, 0.5200711028082721, 0.4819606805238725, 0.4474191745486046, 0.0], "PV FCFF": [0.0, 14813460079.612476, 14679117798.711653, 14659638109.387192, 14753658434.172064, 15064972654.684658, 15458704699.520298, 15672634213.392086, 15695982721.78885, 15524711945.604408, 15161959960.312525, 0.0], "Price Target USD": [50.81377963370657, 55.34530107042921, 60.28093900231325, 65.6567321293719, 71.51193304640911, 77.88929485490404, 84.83538333465333, 92.4009169545645, 100.64113720526768, 109.61621195761491, 119.39167479228206, 130.03890350834007], "Price Target Local": [50.81377963370657, 55.34530107042921, 60.28093900231325, 65.6567321293719, 71.51193304640911, 77.88929485490404, 84.83538333465333, 92.4009169545645, 100.64113720526768, 109.61621195761491, 119.39167479228206, 130.03890350834007], "Terminal cash flow": 25386420462.254158, "Terminal cost of capital": 7.720166667, "Terminal value": 564142676938.9812, "PV(Terminal value)": 252408250843.67908, "PV (CF over next 10 years)": 151484840617.18622, "Sum of PV": 403893091460.8653, "Value of operating assets": 403893091460.8653, "Debt": 9671000000, "Minority Interests": 0, "Cash Marketable": 41252000000, "Non-operating assets": 0, "Value of equity": 435474091460.8653, "Value of equity in common stock": 435474091460.8653, "Number of shares": 8570000000, "Estimated value /share": 50.81377963370657, "Estimated value /share (Local Currency)": 50.81377963370657, "Current price": 22.31, "Valuation": -127.76234708071075}, "2011Q3": {"Date": [2010, 2011, 2012, 2013, 2014, 2015, 2016, 2017, 2018, 2019, 2020, "Terminal"], "revenueGrowth": [0.0, 8.393599177406921, 9.24537474367072, 10.097150309934518, 10.948925876198317, 10.948925876198315, 9.252507367558652, 7.556088858918988, 5.859670350279325, 4.163251841639662, 2.466833332999999, 2.466833333], "Revenues": [68615000000.0, 74374268075.57776, 81250447872.02718, 89454427721.16075, 99248726705.32803, 110115396225.36504, 120303831373.93333, 129394095773.2318, 136976163238.26788, 142678825876.89243, 146198474712.75662, 149804947419.30847], "operatingMargin": [33.435837644829846, 33.435837644829846, 33.435837644829846, 33.435837644829846, 33.435837644829846, 33.435837644829846, 33.435837644829846, 33.435837644829846, 33.435837644829846, 33.435837644829846, 33.435837644829846, 33.435837644829846], "OperatingIncome": [22942000000.0, 24867659523.280697, 27166767836.188114, 29909837218.958973, 33184643125.754364, 36818005103.874146, 40224593738.69822, 43263999784.73342, 45799127552.464355, 47705860573.74722, 48882684644.17492, 50088539003.0427], "Effective_tax_rate": [21.536578341013826, 21.536578341013826, 21.536578341013826, 21.536578341013826, 21.536578341013826, 21.536578341013826, 22.62926267281106, 23.721947004608293, 24.814631336405526, 25.90731566820276, 26.999999999999993, 27.0], "EBIT(1-t)": [18001078197.00461, 19512016548.472763, 21315975598.426117, 23468281694.628162, 26037806461.790417, 28888666591.079823, 31122064762.49709, 33000936683.725113, 34434242895.0302, 35346552682.67384, 35684359790.247696, 36564633472.22117], "Reinvestment": [2358327177.9448824, 2358327177.9448824, 2815684472.6793485, 3359397130.2651935, 4010607108.4323487, 4449725507.920147, 4171999496.5136456, 3722316326.7009015, 3104734062.238017, 2335148166.543711, 1441239302.8966467, 9527880494.503124], "Invested Capital": [28096733333.33333, 30455060511.27821, 32813387689.22309, 35629072161.90244, 38988469292.16763, 42999076400.59998, 47448801908.52013, 51620801405.033775, 55343117731.73468, 58447851793.972694, 60782999960.5164, 62224239263.41305], "cost_to_capital": [0.0, 7.999304695184302, 7.999304695184302, 7.999304695184302, 7.999304695184302, 7.999304695184302, 7.792810422747442, 7.586316150310582, 7.379821877873722, 7.173327605436862, 6.966833333000002, 6.966833333], "ROIC": [64.06822452789747, 64.06822452789747, 64.9612158315093, 65.86834927383373, 66.78335142288115, 67.18438861788373, 65.59083372115381, 63.929531866018344, 62.21955738370883, 60.47536666919704, 58.70779628091349, 9.466833333], "FCFF": [15642751019.059727, 17153689370.527882, 18500291125.74677, 20108884564.36297, 22027199353.358067, 24438941083.159676, 26950065265.983444, 29278620357.02421, 31329508832.79218, 33011404516.13013, 34243120487.351048, 27036752977.718044], "Cumulated discount factor": [0.0, 0.9259318870824083, 0.8573498595159896, 0.7938475733114779, 0.7350487816120872, 0.6806051054557049, 0.6314012064315536, 0.5868787305157032, 0.5465447048172402, 0.5099633621803437, 0.476749050420862, 0.0], "PV FCFF": [0.0, 15883147969.27833, 15861221997.663902, 15963389213.42018, 16191066047.012402, 16633268073.129648, 17016303722.351055, 17182999546.38159, 17122977157.08752, 16834606837.341103, 16325375175.791779, 0.0], "Price Target USD": [57.54267480576076, 62.35294964326538, 67.56533898257995, 73.21345755010329, 79.33373009232993, 85.96562627923282, 93.15191524437355, 100.93894140327075, 109.37692332878072, 118.52027761093922, 128.42796978983822, 139.16389462470556], "Price Target Local": [57.54267480576076, 62.35294964326538, 67.56533898257995, 73.21345755010329, 79.33373009232993, 85.96562627923282, 93.15191524437355, 100.93894140327075, 109.37692332878072, 118.52027761093922, 128.42796978983822, 139.16389462470556], "Terminal cash flow": 27036752977.718044, "Terminal cost of capital": 6.966833333, "Terminal value": 600816732838.1788, "PV(Terminal value)": 286438806857.5665, "PV (CF over next 10 years)": 165014355739.45752, "Sum of PV": 451453162597.02405, "Value of operating assets": 451453162597.02405, "Debt": 11915000000, "Minority Interests": 0, "Cash Marketable": 50150000000, "Non-operating assets": 0, "Value of equity": 489688162597.02405, "Value of equity in common stock": 489688162597.02405, "Number of shares": 8510000000, "Estimated value /share": 57.54267480576076, "Estimated value /share (Local Currency)": 57.54267480576076, "Current price": 20.76, "Valuation": -177.18051447861637}, "2011Q4": {"Date": [2011, 2012, 2013, 2014, 2015, 2016, 2017, 2018, 2019, 2020, 2021, "Terminal"], "revenueGrowth": [0.0, 8.642748106273059, 9.463836418434482, 10.284924730595906, 11.10601304275733, 11.10601304275733, 9.288043767605863, 7.470074492454398, 5.652105217302932, 3.834135942151466, 2.0161666670000002, 2.016166667], "Revenues": [69943000000.0, 75987997307.97057, 83179377070.84131, 91734313393.95589, 101922338204.17252, 113241846378.61116, 123759798633.50156, 133004747783.1357, 140522316071.84692, 145910132699.1013, 148851924158.35602, 151853027036.4249], "operatingMargin": [32.892974755634356, 32.892974755634356, 32.892974755634356, 32.892974755634356, 32.892974755634356, 32.892974755634356, 32.892974755634356, 32.892974755634356, 32.892974755634356, 32.892974755634356, 32.892974755634356, 32.892974755634356], "OperatingIncome": [23006333333.333336, 24994712771.822872, 27360171501.805744, 30174144546.928417, 33525288975.85074, 37248611942.130806, 40708279322.14158, 43749218112.101974, 46221969951.545334, 47994183114.627975, 48961825836.684044, 49948977848.75786], "Effective_tax_rate": [17.53054754016601, 17.53054754016601, 17.53054754016601, 17.53054754016601, 17.53054754016601, 17.53054754016601, 19.424438032132805, 21.318328524099602, 23.2122190160664, 25.106109508033196, 26.999999999999993, 27.0], "EBIT(1-t)": [18973197131.08428, 20613002766.830517, 22563783629.610737, 24884451792.29072, 27648122253.96119, 30718726317.56361, 32800924831.264656, 34422616068.23919, 35492825052.85223, 35944710944.38349, 35742132860.77936, 36462753829.59324], "Reinvestment": [2513345720.296631, 2513345720.296631, 2989980413.4250226, 3556910201.888698, 4235904046.023529, 4706344101.853589, 4373078917.8776245, 3843798796.8920503, 3125600744.3638105, 2240107839.9154716, 1223117000.2961164, 8153685659.707701], "Invested Capital": [29080400000.0, 31593745720.29663, 34107091440.59326, 37097071854.01829, 40653982055.90698, 44889886101.93051, 49596230203.7841, 53969309121.66173, 57813107918.55378, 60938708662.91759, 63178816502.83306, 64401933503.12918], "cost_to_capital": [0.0, 7.981491354334204, 7.981491354334204, 7.981491354334204, 7.981491354334204, 7.981491354334204, 7.6884264168673635, 7.395361479400523, 7.102296541933683, 6.809231604466842, 6.516166667000002, 6.516166667], "ROIC": [65.24393450944375, 65.24393450944373, 66.15569571187763, 67.07928833362972, 68.00839882287482, 68.43128594225267, 66.13592342903918, 63.78183569228412, 61.392349124101706, 58.9850223824263, 56.57296992762853, 9.016166667], "FCFF": [16459851410.787647, 18099657046.533886, 19573803216.185715, 21327541590.402023, 23412218207.93766, 26012382215.710022, 28427845913.38703, 30578817271.347137, 32367224308.488415, 33704603104.46802, 34519015860.48324, 28309068169.885536], "Cumulated discount factor": [0.0, 0.9260846349293004, 0.8576327510521355, 0.7942405131615285, 0.7355339356772543, 0.6811666762997816, 0.6325347105202845, 0.5889776819100431, 0.5499206841745369, 0.5148625038432902, 0.4833655959971763, 0.0], "PV FCFF": [0.0, 16761814288.284872, 16787134700.850492, 16939197577.234745, 17220481001.419064, 17718767936.514744, 17981599285.53952, 18010240912.028824, 17799406136.55465, 17353236345.41074, 16685304674.638462, 0.0], "Price Target USD": [61.54261767403757, 66.69421928081562, 72.27705049916986, 78.32720864253687, 84.8838126536717, 91.98925603881025, 99.68948097441238, 108.03427535879722, 117.07759472933917, 126.87791112666739, 137.4985911615454, 149.00830572892485], "Price Target Local": [61.54261767403757, 66.69421928081562, 72.27705049916986, 78.32720864253687, 84.8838126536717, 91.98925603881025, 99.68948097441238, 108.03427535879722, 117.07759472933917, 126.87791112666739, 137.4985911615454, 149.00830572892485], "Terminal cash flow": 28309068169.885536, "Terminal cost of capital": 6.516166667, "Terminal value": 629090403775.234, "PV(Terminal value)": 304080657956.9203, "PV (CF over next 10 years)": 173257182858.4761, "Sum of PV": 477337840815.39636, "Value of operating assets": 477337840815.39636, "Debt": 11921000000, "Minority Interests": 0, "Cash Marketable": 52772000000, "Non-operating assets": 0, "Value of equity": 518188840815.39636, "Value of equity in common stock": 518188840815.39636, "Number of shares": 8420000000, "Estimated value /share": 61.54261767403757, "Estimated value /share (Local Currency)": 61.54261767403757, "Current price": 21.69, "Valuation": -183.73728757048212}, "2012Q1": {"Date": [2011, 2012, 2013, 2014, 2015, 2016, 2017, 2018, 2019, 2020, 2021, "Terminal"], "revenueGrowth": [0.0, 8.642748106273059, 9.463836418434482, 10.284924730595906, 11.10601304275733, 11.10601304275733, 9.288110434205864, 7.4702078256543984, 5.652305217102933, 3.8344026085514673, 2.0165000000000015, 2.0165], "Revenues": [71120000000.0, 77266722453.1814, 84579118672.03627, 93278017365.25658, 103637486139.86742, 115147478867.74692, 125842503867.1871, 135243200439.07315, 142887558913.26785, 148366443199.5337, 151358252526.65228, 154410391688.85223], "operatingMargin": [32.33877015373079, 32.33877015373079, 32.33877015373079, 32.33877015373079, 32.33877015373079, 32.33877015373079, 32.33877015373079, 32.33877015373079, 32.33877015373079, 32.33877015373079, 32.33877015373079, 32.33877015373079], "OperatingIncome": [22999333333.333336, 24987107779.455433, 27351846785.40101, 30164963639.707417, 33515088435.876328, 37237278528.85641, 40695918081.30942, 43735987738.5413, 46208079255.238365, 47979883051.562744, 48947397393.29751, 49934421661.73335], "Effective_tax_rate": [16.587913454364585, 16.587913454364585, 16.587913454364585, 16.587913454364585, 16.587913454364585, 16.587913454364585, 18.67033076349167, 20.752748072618754, 22.83516538174584, 24.917582690872923, 27.000000000000007, 27.0], "EBIT(1-t)": [19184223824.919174, 20842267966.250565, 22814746112.468285, 25161225577.612206, 27955634571.97941, 31060390993.72902, 33097855568.289337, 34659568386.09039, 35656387937.57649, 36024456017.205475, 35731600097.10718, 36452127813.065346], "Reinvestment": [2315017698.5859466, 2315017698.5859466, 2754041164.9724464, 3276234543.9215612, 3901649007.8805933, 4334966655.578427, 4028028327.1466775, 3540550123.8613014, 2879066900.5945997, 2063492241.2423325, 1126794254.3085334, 8152355762.77339], "Invested Capital": [26785666666.66667, 29100684365.252617, 31415702063.838562, 34169743228.81101, 37445977772.73257, 41347626780.61316, 45682593436.19159, 49710621763.338264, 53251171887.19957, 56130238787.79417, 58193731029.0365, 59320525283.34503], "cost_to_capital": [0.0, 9.98147097158402, 9.98147097158402, 9.98147097158402, 9.98147097158402, 9.98147097158402, 9.288476777267217, 8.595482582950414, 7.90248838863361, 7.209494194316806, 6.5165000000000015, 6.516500000000001], "ROIC": [71.62122960632865, 71.62122960632867, 72.62211128087277, 73.6359808416615, 74.655907616161, 75.12013001020034, 72.4517876037832, 69.72266118717495, 66.95887935218853, 64.1801225065146, 61.4011156618888, 9.0165], "FCFF": [16869206126.333227, 18527250267.66462, 20060704947.49584, 21884991033.690643, 24053985564.098816, 26725424338.150593, 29069827241.14266, 31119018262.22909, 32777321036.98189, 33960963775.963142, 34604805842.798645, 28299772050.291954], "Cumulated discount factor": [0.0, 0.90924406735601, 0.8267247740221005, 0.751694596115833, 0.6834738519818933, 0.6214445451074961, 0.5686276938180925, 0.5236200257075588, 0.4852715016373216, 0.45263855154261695, 0.4249468876114189, 0.0], "PV FCFF": [0.0, 16845792390.294104, 16584681764.442532, 16450829496.068714, 16440270169.01147, 16608369170.6268, 16529908823.821312, 16294541142.462389, 15905899799.264772, 15372041452.54324, 14705204539.294727, 0.0], "Price Target USD": [55.88407092405848, 61.7606072959167, 68.25509578111864, 75.43251765268334, 83.36468734392169, 92.13097099514081, 101.81908055973015, 112.52595141513925, 124.35871225977446, 137.4357570002177, 151.88792935364498, 167.8598320181065], "Price Target Local": [55.88407092405848, 61.7606072959167, 68.25509578111864, 75.43251765268334, 83.36468734392169, 92.13097099514081, 101.81908055973015, 112.52595141513925, 124.35871225977446, 137.4357570002177, 151.88792935364498, 167.8598320181065], "Terminal cash flow": 28299772050.291954, "Terminal cost of capital": 6.516500000000001, "Terminal value": 628883823339.8212, "PV(Terminal value)": 267242223397.42642, "PV (CF over next 10 years)": 161737538747.83005, "Sum of PV": 428979762145.2565, "Value of operating assets": 428979762145.2565, "Debt": 11927000000, "Minority Interests": 0, "Cash Marketable": 57403000000, "Non-operating assets": 0, "Value of equity": 474455762145.2565, "Value of equity in common stock": 474455762145.2565, "Number of shares": 8490000000, "Estimated value /share": 55.88407092405848, "Estimated value /share (Local Currency)": 55.88407092405848, "Current price": 21.29, "Valuation": -162.48976479125636}, "2012Q2": {"Date": [2011, 2012, 2013, 2014, 2015, 2016, 2017, 2018, 2019, 2020, 2021, "Terminal"], "revenueGrowth": [0.0, 8.642748106273059, 9.463836418434482, 10.284924730595906, 11.10601304275733, 11.10601304275733, 9.245177100805863, 7.384341158854397, 5.523505216902931, 3.6626692749514653, 1.8018333329999994, 1.801833333], "Revenues": [72052000000.0, 78279272865.53186, 85687495199.06577, 94500389583.82266, 104995615176.4585, 116656441892.27928, 127441536544.71918, 136852254381.26735, 144411295791.4659, 149700603951.97922, 152397959333.6883, 155143916563.77448], "operatingMargin": [31.66648161512981, 31.66648161512981, 31.66648161512981, 31.66648161512981, 31.66648161512981, 31.66648161512981, 31.66648161512981, 31.66648161512981, 31.66648161512981, 31.66648161512981, 31.66648161512981, 31.66648161512981], "OperatingIncome": [22816333333.333332, 24788291550.420944, 27134214913.6774, 29924948493.78725, 33248417176.545673, 36940990724.68321, 40356250739.972435, 43336293973.534706, 45729976431.97528, 47404914228.19179, 48259071774.235405, 49128619815.65997], "Effective_tax_rate": [15.852128079170999, 15.852128079170999, 15.852128079170999, 15.852128079170999, 15.852128079170999, 15.852128079170999, 18.0817024633368, 20.3112768475026, 22.5408512316684, 24.770425615834203, 27.000000000000004, 27.0], "EBIT(1-t)": [19199458950.362747, 20858819825.209892, 22832864412.283737, 25181207330.926144, 27977835501.42256, 31085057561.291748, 33059153555.81246, 34534139329.12248, 35422050476.16671, 35662515211.04754, 35229122395.19184, 35863892465.43178], "Reinvestment": [3221405739.8190837, 3221405739.8190837, 3832318008.6093416, 4558963316.448557, 5429243377.458075, 6032215855.081613, 5579194387.027175, 4868220986.793856, 3910337624.8575606, 2736190951.6220007, 1395358176.2997594, 7341738300.481691], "Invested Capital": [37272933333.33333, 40494339073.15241, 43715744812.9715, 47548062821.58084, 52107026138.029396, 57536269515.48747, 63568485370.569084, 69147679757.59625, 74015900744.3901, 77926238369.24767, 80662429320.86966, 82057787497.16942], "cost_to_capital": [0.0, 9.43968593565925, 9.43968593565925, 9.43968593565925, 9.43968593565925, 9.43968593565925, 8.812115415127401, 8.18454489459555, 7.5569743740637, 6.92940385353185, 6.301833333, 6.301833333], "ROIC": [51.51045875209558, 51.510458752095566, 52.230299426372085, 52.959481073742175, 53.69301910899772, 54.02689090387472, 52.00557062685369, 49.94258585419667, 47.85735243362752, 45.764451046723664, 43.6747599741297, 8.801833333000001], "FCFF": [15978053210.543663, 17637414085.39081, 19000546403.674397, 20622244014.477585, 22548592123.964485, 25052841706.210136, 27479959168.785286, 29665918342.32863, 31511712851.30915, 32926324259.425537, 33833764218.892082, 28522154164.95009], "Cumulated discount factor": [0.0, 0.9137453122699115, 0.8349304956952381, 0.7629138265127173, 0.697108932641896, 0.636980019343014, 0.5853943900574686, 0.5411072262011359, 0.5030889250559084, 0.4704869819951694, 0.44259536006432443, 0.0], "PV FCFF": [0.0, 16116104441.089159, 15864135627.300238, 15732995092.364075, 15718824988.114346, 15958159594.6192, 16086613936.415205, 16052442786.926846, 15853193745.035576, 15491406929.011454, 14974667056.791998, 0.0], "Price Target USD": [56.48917131020888, 62.10173871511748, 68.27195127827518, 75.05521468126841, 82.5124395213215, 90.71058826055015, 99.72327651818863, 109.6314341051193, 120.5240317364918, 132.4988799479782, 145.6635073895658, 160.13612638356386], "Price Target Local": [56.48917131020888, 62.10173871511748, 68.27195127827518, 75.05521468126841, 82.5124395213215, 90.71058826055015, 99.72327651818863, 109.6314341051193, 120.5240317364918, 132.4988799479782, 145.6635073895658, 160.13612638356386], "Terminal cash flow": 28522154164.95009, "Terminal cost of capital": 6.301833333, "Terminal value": 633825648110.0018, "PV(Terminal value)": 280528290943.25006, "PV (CF over next 10 years)": 157848544197.6681, "Sum of PV": 438376835140.91815, "Value of operating assets": 438376835140.91815, "Debt": 11932000000, "Minority Interests": 0, "Cash Marketable": 51736000000, "Non-operating assets": 0, "Value of equity": 478180835140.91815, "Value of equity in common stock": 478180835140.91815, "Number of shares": 8465000000, "Estimated value /share": 56.48917131020888, "Estimated value /share (Local Currency)": 56.48917131020888, "Current price": 22.31, "Valuation": -153.20112644647642}, "2012Q3": {"Date": [2011, 2012, 2013, 2014, 2015, 2016, 2017, 2018, 2019, 2020, 2021, "Terminal"], "revenueGrowth": [0.0, 8.642748106273059, 9.463836418434482, 10.284924730595906, 11.10601304275733, 11.10601304275733, 9.211110434205864, 7.316207825654398, 5.4213052171029315, 3.5264026085514653, 1.6314999999999993, 1.6315], "Revenues": [73031000000.0, 79342885369.49228, 86851766250.52702, 95784405036.58682, 106422233552.87767, 118241500691.65393, 129132855899.42445, 138580484008.22916, 146093355017.65378, 151245194899.91666, 153712760254.7088, 156220583938.26437], "operatingMargin": [32.194547520915776, 32.194547520915776, 32.194547520915776, 32.194547520915776, 32.194547520915776, 32.194547520915776, 32.194547520915776, 32.194547520915776, 32.194547520915776, 32.194547520915776, 32.194547520915776, 32.194547520915776], "OperatingIncome": [23512000000.0, 25544082934.746925, 27961533158.280613, 30837355797.13039, 34262156554.00118, 38067316129.618484, 41573738657.6559, 44615359778.74442, 47034094606.05874, 48692706145.15536, 49487127645.91357, 50294510133.45664], "Effective_tax_rate": [17.29903992631169, 17.29903992631169, 17.29903992631169, 17.29903992631169, 17.29903992631169, 17.29903992631169, 19.23923194104935, 21.179423955787012, 23.119615970524674, 25.059807985262335, 26.999999999999996, 27.0], "EBIT(1-t)": [19444649732.525597, 21125201829.054886, 23124456373.220768, 25502789305.566013, 28335132412.109097, 31482035913.480495, 33575270650.743782, 35166083581.80447, 36159992557.9247, 36490407482.351395, 36125603181.5169, 36714992397.42335], "Reinvestment": [2952282087.4538865, 2952282087.4538865, 3512157338.7646976, 4178097024.582289, 4975671885.590323, 5528270654.168791, 5094254886.727288, 4418974934.076404, 3514023656.6526957, 2409689611.181688, 1154163703.8887854, 6939756716.2597685], "Invested Capital": [34159066666.66667, 37111348754.12056, 40063630841.57445, 43575788180.33914, 47753885204.92143, 52729557090.51176, 58257827744.68055, 63352082631.40784, 67771057565.48424, 71285081222.13693, 73694770833.31862, 74848934537.2074], "cost_to_capital": [0.0, 8.575892396791227, 8.575892396791227, 8.575892396791227, 8.575892396791227, 8.575892396791227, 8.087013917432982, 7.598135438074737, 7.109256958716491, 6.620378479358246, 6.131500000000001, 6.1315], "ROIC": [56.92383203051682, 56.92383203051683, 57.719322706079545, 58.52513602283517, 59.335763552049016, 59.704722835886336, 57.632204890800274, 55.50896217004602, 53.35609898515287, 51.18940296727842, 49.02057876429941, 8.631499999999999], "FCFF": [16492367645.07171, 18172919741.600998, 19612299034.45607, 21324692280.983723, 23359460526.518772, 25953765259.311707, 28481015764.016495, 30747108647.72806, 32645968901.272003, 34080717871.16971, 34971439477.62811, 29775235681.163578], "Cumulated discount factor": [0.0, 0.9210147648112292, 0.8482681970002839, 0.7812675339570619, 0.7195589340421125, 0.662724402404615, 0.6131397088191058, 0.5698423177341975, 0.5320196721687966, 0.49898497806570435, 0.470157284185849, 0.0], "PV FCFF": [0.0, 16737527401.743988, 16636489540.988459, 16660289750.757347, 16808508516.26065, 17200193571.62701, 17462841712.421436, 17521003655.446545, 17368297672.48746, 17005766259.409075, 16442077008.87142, 0.0], "Price Target USD": [62.19391156847379, 67.77167747491792, 73.84967679203663, 80.47277218874652, 87.68984977386118, 95.55417993214927, 104.12381052142287, 113.46199533290591, 123.63766097741582, 134.72591564351885, 146.808603482883, 159.9749087148341], "Price Target Local": [62.19391156847379, 67.77167747491792, 73.84967679203663, 80.47277218874652, 87.68984977386118, 95.55417993214927, 104.12381052142287, 113.46199533290591, 123.63766097741582, 134.72591564351885, 146.808603482883, 159.9749087148341], "Terminal cash flow": 29775235681.163578, "Terminal cost of capital": 6.1315, "Terminal value": 661671904025.8573, "PV(Terminal value)": 311089865418.87683, "PV (CF over next 10 years)": 169842995090.0134, "Sum of PV": 480932860508.89026, "Value of operating assets": 480932860508.89026, "Debt": 11938000000, "Minority Interests": 0, "Cash Marketable": 59529000000, "Non-operating assets": 0, "Value of equity": 528523860508.89026, "Value of equity in common stock": 528523860508.89026, "Number of shares": 8498000000, "Estimated value /share": 62.19391156847379, "Estimated value /share (Local Currency)": 62.19391156847379, "Current price": 24.76, "Valuation": -151.18704187590382}, "2012Q4": {"Date": [2012, 2013, 2014, 2015, 2016, 2017, 2018, 2019, 2020, 2021, 2022, "Terminal"], "revenueGrowth": [0.0, 7.6816120755772355, 9.548128635600182, 11.41464519562313, 13.281161755646078, 13.281161755646076, 10.965229404516862, 8.649297053387645, 6.33336470225843, 4.017432351129214, 1.7014999999999985, 1.7015], "Revenues": [73723000000.0, 79386114870.4778, 86966003237.11633, 96892863947.4473, 109761361937.98586, 124338945962.1699, 137972996626.08008, 149906690957.73026, 159400828409.17078, 165804648857.64877, 168625814957.96167, 171494983199.47137], "operatingMargin": [23.814368198074774, 23.814368198074774, 23.814368198074774, 23.814368198074774, 23.814368198074774, 23.814368198074774, 23.814368198074774, 23.814368198074774, 23.814368198074774, 23.814368198074774, 23.814368198074774, 23.814368198074774], "OperatingIncome": [17556666666.666664, 18905301693.402176, 20710404218.03651, 23074423378.104748, 26138974871.133453, 29610534405.03637, 32857397430.451996, 35699331338.223946, 37960300188.141304, 39485329568.48546, 40157172451.09324, 40840446740.34859], "Effective_tax_rate": [23.752638433556385, 23.752638433556385, 23.752638433556385, 23.752638433556385, 23.752638433556385, 23.752638433556385, 24.402110746845107, 25.05158306013383, 25.70105537342255, 26.350527686711274, 26.999999999999996, 27.0], "EBIT(1-t)": [13386495112.348616, 14414793737.395346, 15791136785.998287, 17593639022.47552, 19930278679.754963, 22577251229.564266, 24839498920.942062, 26756083696.116386, 28204102416.869682, 29080736868.35251, 29314735889.298065, 29813526120.454468], "Reinvestment": [2184773380.0873723, 2184773380.0873723, 2924245526.7499495, 3829684109.151135, 4964538508.304077, 5623886898.013281, 5259881113.935509, 4603900556.177335, 3662743780.6232886, 2470530223.504629, 1088377816.4027412, 5829766671.717897], "Invested Capital": [28441600000.0, 30626373380.08737, 32811146760.174744, 35735392286.92469, 39565076396.07583, 44529614904.379906, 50153501802.39319, 55413382916.3287, 60017283472.506035, 63680027253.129326, 66150557476.63396, 67238935293.0367], "cost_to_capital": [0.0, 8.590589119647124, 8.590589119647124, 8.590589119647124, 8.590589119647124, 8.590589119647124, 8.1127712957177, 7.6349534717882745, 7.1571356478588495, 6.679317823929424, 6.201499999999999, 6.2015], "ROIC": [47.06660353970457, 47.06660353970458, 48.12735410139681, 49.23309329085748, 50.37341133942989, 50.7016538949309, 49.526948325185124, 48.2845159201283, 46.99330057114298, 45.66696674415044, 44.3151758768666, 8.7015], "FCFF": [11201721732.261244, 12230020357.307974, 12866891259.248337, 13763954913.324387, 14965740171.450886, 16953364331.550985, 19579617807.006554, 22152183139.939053, 24541358636.246395, 26610206644.847878, 28226358072.895325, 23983759448.736572], "Cumulated discount factor": [0.0, 0.9208901140578412, 0.8480386021694637, 0.7809503650772897, 0.719169470769538, 0.6622760559638771, 0.6125789284897459, 0.5691263931751559, 0.5311138541864597, 0.49786018979146923, 0.46878828433823366, 0.0], "PV FCFF": [0.0, 11262504841.771059, 10911620477.75945, 10748965614.468035, 10762903438.776749, 11227807264.818258, 11994061296.454824, 12607392091.389013, 13034255572.268982, 13248162530.59418, 13232185974.109251, 0.0], "Price Target USD": [50.06879961734372, 54.56962632026061, 59.475045127731825, 64.82142597396559, 70.64840818992656, 76.99919439870253, 83.92087082996096, 91.46475642838239, 99.68678334444316, 108.64791162859602, 118.4145812034893, 129.05920446525346], "Price Target Local": [50.06879961734372, 54.56962632026061, 59.475045127731825, 64.82142597396559, 70.64840818992656, 76.99919439870253, 83.92087082996096, 91.46475642838239, 99.68678334444316, 108.64791162859602, 118.4145812034893, 129.05920446525346], "Terminal cash flow": 23983759448.736572, "Terminal cost of capital": 6.2015, "Terminal value": 532972432194.14606, "PV(Terminal value)": 249851232087.8693, "PV (CF over next 10 years)": 119029859102.4098, "Sum of PV": 368881091190.2791, "Value of operating assets": 368881091190.2791, "Debt": 11944000000, "Minority Interests": 0, "Cash Marketable": 63040000000, "Non-operating assets": 0, "Value of equity": 419977091190.2791, "Value of equity in common stock": 419977091190.2791, "Number of shares": 8388000000, "Estimated value /share": 50.06879961734372, "Estimated value /share (Local Currency)": 50.06879961734372, "Current price": 23.44, "Valuation": -113.60409393064725}, "2019Q1": {"Date": [2018, 2019, 2020, 2021, 2022, 2023, 2024, 2025, 2026, 2027, 2028, "Terminal"], "revenueGrowth": [0.0, 3.6806786401457816, 6.88083967864588, 10.081000717145978, 13.281161755646076, 13.281161755646076, 11.152496071116861, 9.023830386587646, 6.89516470205843, 4.766499017529215, 2.6378333329999997, 2.637833333], "Revenues": [114906000000.0, 119135320598.24591, 127332831009.25198, 140169254616.45694, 158785360053.752, 179873900566.77588, 199934330260.4502, 217976065107.7132, 233005873807.95612, 244112096493.7977, 250551366744.99625, 257160494213.28284], "operatingMargin": [28.233222518116257, 28.233222518116257, 28.233222518116257, 28.233222518116257, 28.233222518116257, 28.233222518116257, 28.233222518116257, 28.233222518116257, 28.233222518116257, 28.233222518116257, 28.233222518116257, 28.233222518116257], "OperatingIncome": [32441666666.666664, 33635740162.17396, 35950161517.45905, 39574297557.849236, 44830224030.16789, 50784198599.03301, 56447904352.53835, 61541667498.094635, 65785066832.481415, 68920711396.73257, 70738724895.29633, 72604694559.92363], "Effective_tax_rate": [51.385910981374806, 51.385910981374806, 51.385910981374806, 51.385910981374806, 51.385910981374806, 51.385910981374806, 46.50872878509985, 41.63154658882489, 36.75436439254993, 31.87718219627497, 27.000000000000007, 27.0], "EBIT(1-t)": [15771220712.458988, 16351708664.512716, 17476843522.43708, 19238684243.268444, 21793805017.27492, 24688275514.32932, 30194701612.343723, 35920919522.08566, 41606183652.98869, 46950730653.827286, 51639269173.566315, 53001427028.74425], "Reinvestment": [1912669562.9232752, 1912669562.9232752, 3707245239.66824, 5805149115.551435, 8418954634.1916895, 9537089617.293152, 9072136387.618967, 8159201059.149812, 6797086427.885549, 5022682389.948735, 2912098038.1607523, 14506261530.201204], "Invested Capital": [51965133333.33334, 53877802896.25662, 55790472459.1799, 59497717698.848145, 65302866814.39958, 73721821448.59128, 83258911065.88443, 92331047453.5034, 100490248512.65321, 107287334940.53876, 112310017330.48749, 115222115368.64824], "cost_to_capital": [0.0, 8.171399078000322, 8.171399078000322, 8.171399078000322, 8.171399078000322, 8.171399078000322, 7.964685929000257, 7.757972780000193, 7.5512596310001285, 7.344546482000064, 7.137833333, 7.137833333], "ROIC": [30.349620410465576, 30.349620410465583, 31.32585682120603, 32.33516341021077, 33.37342766163106, 33.48842314150538, 36.26602993696381, 38.9044860995159, 41.40320505601084, 43.76167110484058, 45.97921930829264, 9.637833333], "FCFF": [13858551149.535713, 14439039101.589441, 13769598282.76884, 13433535127.717009, 13374850383.083233, 15151185897.036167, 21122565224.724754, 27761718462.935852, 34809097225.10314, 41928048263.87855, 48727171135.40556, 38495165498.543045], "Cumulated discount factor": [0.0, 0.92445878348945, 0.8546240423707938, 0.7900647025509402, 0.7303822537981963, 0.6752082898285633, 0.6253973547170728, 0.5803722347244696, 0.5396238377083458, 0.5027026107924653, 0.4692111041950907, 0.0], "PV FCFF": [0.0, 13348296522.611977, 11767829746.241848, 10613361934.887344, 9768753367.01, 10230206318.412437, 13209996416.381695, 16112130584.125648, 18783818631.773087, 21077339327.684235, 22863329772.746796, 0.0], "Price Target USD": [77.66660064591673, 84.50205539220163, 91.93910002654563, 100.03068060840612, 108.83440299167468, 118.41294293421866, 128.83449230125436, 140.17324453917806, 152.5099228760566, 165.9323550091603, 180.53609837087296, 196.42512042439347], "Price Target Local": [77.66660064591673, 84.50205539220163, 91.93910002654563, 100.03068060840612, 108.83440299167468, 118.41294293421866, 128.83449230125436, 140.17324453917806, 152.5099228760566, 165.9323550091603, 180.53609837087296, 196.42512042439347], "Terminal cash flow": 38495165498.543045, "Terminal cost of capital": 7.137833333, "Terminal value": 855448122189.8455, "PV(Terminal value)": 401385757994.3143, "PV (CF over next 10 years)": 147775062621.87506, "Sum of PV": 549160820616.18933, "Value of operating assets": 549160820616.18933, "Debt": 81882000000, "Minority Interests": 0, "Cash Marketable": 135880000000, "Non-operating assets": 0, "Value of equity": 603158820616.1893, "Value of equity in common stock": 603158820616.1893, "Number of shares": 7766000000, "Estimated value /share": 77.66660064591673, "Estimated value /share (Local Currency)": 77.66660064591673, "Current price": 96.57, "Valuation": 19.574815526647267}, "2019Q2": {"Date": [2018, 2019, 2020, 2021, 2022, 2023, 2024, 2025, 2026, 2027, 2028, "Terminal"], "revenueGrowth": [0.0, 3.6806786401457816, 6.88083967864588, 10.081000717145978, 13.281161755646076, 13.281161755646076, 11.08826273791686, 8.895363720187646, 6.702464702458431, 4.509565684729216, 2.3166666670000007, 2.316666667], "Revenues": [118459000000.0, 122819095110.33029, 131270080139.63571, 144503417859.9105, 163695150528.3224, 185435768256.13724, 205997373450.45236, 224321589072.90335, 239356664400.50854, 250150610402.42636, 255945766210.91644, 261875176462.32248], "operatingMargin": [28.922524530287557, 28.922524530287557, 28.922524530287557, 28.922524530287557, 28.922524530287557, 28.922524530287557, 28.922524530287557, 28.922524530287557, 28.922524530287557, 28.922524530287557, 28.922524530287557, 28.922524530287557], "OperatingIncome": [34261333333.333336, 35522382911.16248, 37966621129.31428, 41794036477.63654, 47344770066.44518, 53632705561.80848, 59579640867.955154, 64879466626.341324, 69227989976.11514, 72349871656.30582, 74025977016.58475, 75740912151.04904], "Effective_tax_rate": [15.994189395647057, 15.994189395647057, 15.994189395647057, 15.994189395647057, 15.994189395647057, 15.994189395647057, 18.195351516517647, 20.396513637388235, 22.597675758258823, 24.79883787912941, 27.0, 27.0], "EBIT(1-t)": [28781510790.526047, 29840865710.504192, 31894167838.764, 35109419127.317535, 39772357873.08433, 45054589056.2431, 48738915779.75191, 51646317368.03487, 53584073267.35273, 54407944278.500336, 54038963222.106865, 55290865870.2658], "Reinvestment": [2358915041.254551, 2358915041.254551, 4572183678.244448, 7159550102.564769, 10383183328.27003, 11762190701.482847, 11124316910.034876, 9913835996.04936, 8134332953.575497, 5839781228.186218, 3135316972.942217, 13748533733.090864], "Invested Capital": [64089133333.33334, 66448048374.58789, 68806963415.84244, 73379147094.08688, 80538697196.65166, 90921880524.92169, 102684071226.40454, 113808388136.43942, 123722224132.48878, 131856557086.06429, 137696338314.2505, 140831655287.19272], "cost_to_capital": [0.0, 8.466980688580453, 8.466980688580453, 8.466980688580453, 8.466980688580453, 8.466980688580453, 8.136917884264362, 7.806855079948271, 7.47679227563218, 7.146729471316089, 6.816666666999998, 6.816666667], "ROIC": [44.908566075984865, 44.908566075984865, 46.35311057982329, 47.84658928005823, 49.382916855449004, 49.55307654893218, 47.46492342740206, 45.38006223769602, 43.30998221465196, 41.2629796203367, 39.24502560030258, 9.316666667], "FCFF": [26422595749.271496, 27481950669.24964, 27321984160.519554, 27949869024.752766, 29389174544.8143, 33292398354.760254, 37614598869.71703, 41732481371.985504, 45449740313.77724, 48568163050.31412, 50903646249.16465, 41542332137.174934], "Cumulated discount factor": [0.0, 0.9219395558461243, 0.8499725446337489, 0.7836233102810386, 0.7224533266311703, 0.6660582990738961, 0.6159397845856472, 0.5713363812800899, 0.5315904663537552, 0.4961331708179348, 0.46447168433426733, 0.0], "PV FCFF": [0.0, 25336697393.793114, 23222936401.359787, 21902168887.098225, 21232306916.845203, 22174678220.26219, 23168327925.08904, 23843284888.90896, 24160648649.057907, 24096276734.954803, 23643302312.105213, 0.0], "Price Target USD": [91.44872197549364, 99.78507464732097, 108.88135894386478, 118.80684929448023, 129.63713510003623, 141.45469639792768, 154.34953200399983, 168.4198449151158, 183.77279019217625, 200.52529101923267, 218.80492915354253, 238.75091654795278], "Price Target Local": [91.44872197549364, 99.78507464732097, 108.88135894386478, 118.80684929448023, 129.63713510003623, 141.45469639792768, 154.34953200399983, 168.4198449151158, 183.77279019217625, 200.52529101923267, 218.80492915354253, 238.75091654795278], "Terminal cash flow": 41542332137.174934, "Terminal cost of capital": 6.816666667, "Terminal value": 923162936381.6653, "PV(Terminal value)": 428783043976.16016, "PV (CF over next 10 years)": 232780628329.47446, "Sum of PV": 661563672305.6346, "Value of operating assets": 661563672305.6346, "Debt": 78852000000, "Minority Interests": 0, "Cash Marketable": 127662000000, "Non-operating assets": 0, "Value of equity": 710373672305.6346, "Value of equity in common stock": 710373672305.6346, "Number of shares": 7768000000, "Estimated value /share": 91.44872197549364, "Estimated value /share (Local Currency)": 91.44872197549364, "Current price": 100.83, "Valuation": 9.304054373208725}, "2019Q3": {"Date": [2018, 2019, 2020, 2021, 2022, 2023, 2024, 2025, 2026, 2027, 2028, "Terminal"], "revenueGrowth": [0.0, 3.6806786401457816, 6.88083967864588, 10.081000717145978, 13.281161755646076, 13.281161755646076, 10.988162737916861, 8.695163720187645, 6.40216470245843, 4.109165684729215, 1.8161666669999992, 1.816166667], "Revenues": [122211000000.0, 126709194172.90857, 135427850682.0505, 149080333280.5234, 168879933489.366, 191309150628.91623, 212330511432.54803, 230792997029.5198, 245568744821.08963, 255659571415.6981, 260302775332.74506, 265030307571.61426], "operatingMargin": [29.909746258520098, 29.909746258520098, 29.909746258520098, 29.909746258520098, 29.909746258520098, 29.909746258520098, 29.909746258520098, 29.909746258520098, 29.909746258520098, 29.909746258520098, 29.909746258520098, 29.909746258520098], "OperatingIncome": [36553000000.0, 37898398463.33249, 40506126502.36879, 44589549405.56064, 50511559588.226875, 57220081522.43885, 63507517198.89313, 69029599793.9632, 73448988466.22063, 76467129096.05528, 77855899605.90968, 79269892502.8452], "Effective_tax_rate": [16.38896868715886, 16.38896868715886, 16.38896868715886, 16.38896868715886, 16.38896868715886, 16.38896868715886, 18.51117494972709, 20.633381212295316, 22.755587474863542, 24.87779373743177, 26.999999999999996, 27.0], "EBIT(1-t)": [30562340275.782818, 31687241806.24223, 33867590113.51461, 37281782115.738075, 42233235903.91678, 47842300278.95957, 51751529583.978, 54786459319.15295, 56735239646.38735, 57443794442.602974, 56834806712.314064, 57867021527.076996], "Reinvestment": [2353190359.0762477, 2353190359.0762477, 4561087772.728126, 7142175102.54991, 10357985123.36908, 11733645882.229494, 10997138335.134108, 9658485481.360552, 7729801319.088367, 5278926374.623065, 2429050919.728289, 11920844918.850792], "Invested Capital": [63933600000.0, 66286790359.07625, 68639980718.1525, 73201068490.88062, 80343243593.43053, 90701228716.7996, 102434874599.0291, 113432012934.16321, 123090498415.52376, 130820299734.61212, 136099226109.23518, 138528277028.96347], "cost_to_capital": [0.0, 7.779862917047094, 7.779862917047094, 7.779862917047094, 7.779862917047094, 7.779862917047094, 7.487123667037675, 7.194384417028257, 6.901645167018838, 6.6089059170094195, 6.316166667000001, 6.316166667], "ROIC": [47.80325255543692, 47.80325255543692, 49.34090854800897, 50.9306529048584, 52.566008061155856, 52.74713579497327, 50.521396923219854, 48.29893951626462, 46.09229824942532, 43.91045927821294, 41.759830924165314, 8.816166667000001], "FCFF": [28209149916.70657, 29334051447.16598, 29306502340.786484, 30139607013.188164, 31875250780.5477, 36108654396.73008, 40754391248.84389, 45127973837.7924, 49005438327.29898, 52164868067.97991, 54405755792.58578, 45946176608.226204], "Cumulated discount factor": [0.0, 0.9278171013908705, 0.8608445736333569, 0.7987063170565609, 0.7410533799539959, 0.6875619989648238, 0.6396691766491782, 0.5967375811037021, 0.5582117844598026, 0.5236070848474396, 0.492499966150458, 0.0], "PV FCFF": [0.0, 27216634585.760212, 25228343512.239315, 24072694515.035614, 23621262327.806118, 24826938596.94571, 26069327894.986443, 26929557948.075386, 27355413176.916367, 27313894500.52625, 26794832886.23858, 0.0], "Price Target USD": [105.22084745695079, 113.97276483786366, 123.45263736923911, 133.72101392031587, 144.8434796123102, 156.89107471697343, 169.94074839772722, 184.07585019146552, 199.38666237016537, 215.97097658255183, 233.93471845888376, 253.39262416827194], "Price Target Local": [105.22084745695079, 113.97276483786366, 123.45263736923911, 133.72101392031587, 144.8434796123102, 156.89107471697343, 169.94074839772722, 184.07585019146552, 199.38666237016537, 215.97097658255183, 233.93471845888376, 253.39262416827194], "Terminal cash flow": 45946176608.226204, "Terminal cost of capital": 6.316166667, "Terminal value": 1021026146849.4711, "PV(Terminal value)": 502855342762.09705, "PV (CF over next 10 years)": 259428899944.52997, "Sum of PV": 762284242706.627, "Value of operating assets": 762284242706.627, "Debt": 79072000000, "Minority Interests": 0, "Cash Marketable": 131618000000, "Non-operating assets": 0, "Value of equity": 814830242706.627, "Value of equity in common stock": 814830242706.627, "Number of shares": 7744000000, "Estimated value /share": 105.22084745695079, "Estimated value /share (Local Currency)": 105.22084745695079, "Current price": 119, "Valuation": 11.579119784074964}, "2019Q4": {"Date": [2019, 2020, 2021, 2022, 2023, 2024, 2025, 2026, 2027, 2028, 2029, "Terminal"], "revenueGrowth": [0.0, 5.798152262164913, 8.292488759991967, 10.786825257819022, 13.281161755646076, 13.281161755646076, 10.980029404516861, 8.678897053387645, 6.37776470225843, 4.076632351129215, 1.7754999999999992, 1.7755], "Revenues": [125843000000.0, 133139568751.27618, 144180152525.0775, 159732613634.41455, 180946960427.72235, 204978818934.05307, 227485553526.04346, 247228790527.89783, 262996461064.00653, 273717859878.06674, 278577720480.2018, 283523867907.32776], "operatingMargin": [30.812732266925185, 30.812732266925185, 30.812732266925185, 30.812732266925185, 30.812732266925185, 30.812732266925185, 30.812732266925185, 30.812732266925185, 30.812732266925185, 30.812732266925185, 30.812732266925185, 30.812732266925185], "OperatingIncome": [38775666666.666664, 41023938860.66952, 44425844379.596504, 49217982582.13419, 55754702461.733154, 63159574682.05512, 70094514553.91255, 76177945312.11845, 81036395419.14047, 84339951330.98615, 85837407166.86778, 87361450331.11552], "Effective_tax_rate": [10.181285478850027, 10.181285478850027, 10.181285478850027, 10.181285478850027, 10.181285478850027, 10.181285478850027, 13.545028383080021, 16.908771287310017, 20.27251419154001, 23.636257095770006, 27.0, 27.0], "EBIT(1-t)": [34827805347.00604, 36847174530.59586, 39902722336.920135, 44206959268.51643, 50078157036.22068, 56729118076.44761, 60600192662.602936, 63297190767.92024, 64608280657.482735, 64405143599.94696, 62661307231.81348, 63773858741.71433], "Reinvestment": [4020918092.505487, 4020918092.505487, 6084131399.452079, 8570490375.573275, 11690584129.283747, 13243229517.673807, 12402779910.53329, 10879900069.67251, 8689085773.942211, 5908238233.331465, 2678122017.1140876, 12903023895.60866], "Invested Capital": [69348266666.66669, 73369184759.17218, 77390102851.67767, 83474234251.12975, 92044724626.70302, 103735308755.98677, 116978538273.66058, 129381318184.19388, 140261218253.8664, 148950304027.8086, 154858542261.14005, 157536664278.25412], "cost_to_capital": [0.0, 7.586391698265584, 7.586391698265584, 7.586391698265584, 7.586391698265584, 7.586391698265584, 7.324213358612467, 7.06203501895935, 6.799856679306234, 6.537678339653117, 6.2755, 6.2755], "ROIC": [50.221594599344996, 50.22159459934499, 51.56049787580185, 52.95880778674904, 54.40633044350762, 54.686411750014344, 51.80453915472455, 48.92297563223704, 46.062825820138464, 43.239350211680474, 40.463578125478456, 8.775500000000001], "FCFF": [30806887254.500557, 32826256438.090378, 33818590937.468056, 35636468892.94316, 38387572906.936935, 43485888558.7738, 48197412752.06964, 52417290698.247734, 55919194883.54053, 58496905366.61549, 59983185214.69939, 50870834846.105675], "Cumulated discount factor": [0.0, 0.9294855829021368, 0.863943448822925, 0.8030229801236588, 0.74639828276405, 0.6937664429320969, 0.6464211767515593, 0.6037818883576108, 0.5653396054365688, 0.5306475739354933, 0.49931317560067306, 0.0], "PV FCFF": [0.0, 30511532099.853455, 29217350088.847866, 28616903451.49528, 28652418497.2175, 30169050223.16207, 31155828267.573467, 31648610760.377846, 31613335571.791397, 31041240915.528652, 29950394692.194893, 0.0], "Price Target USD": [119.33825786410321, 128.95317046637743, 139.34274281317923, 150.56938813119248, 162.7005481914299, 175.80909845185113, 189.97378584174172, 205.2797018177528, 221.81879353338866, 239.69041619268822, 259.0019299062519, 279.86934463510426], "Price Target Local": [119.33825786410321, 128.95317046637743, 139.34274281317923, 150.56938813119248, 162.7005481914299, 175.80909845185113, 189.97378584174172, 205.2797018177528, 221.81879353338866, 239.69041619268822, 259.0019299062519, 279.86934463510426], "Terminal cash flow": 50870834846.105675, "Terminal cost of capital": 6.2755, "Terminal value": 1130462996580.126, "PV(Terminal value)": 564455068721.4755, "PV (CF over next 10 years)": 302576664568.0424, "Sum of PV": 867031733289.5178, "Value of operating assets": 867031733289.5178, "Debt": 78366000000, "Minority Interests": 0, "Cash Marketable": 133819000000, "Non-operating assets": 0, "Value of equity": 922484733289.5178, "Value of equity in common stock": 922484733289.5178, "Number of shares": 7730000000, "Estimated value /share": 119.33825786410321, "Estimated value /share (Local Currency)": 119.33825786410321, "Current price": 131.9, "Valuation": 9.523686228883088}, "2021Q1": {"Date": [2020, 2021, 2022, 2023, 2024, 2025, 2026, 2027, 2028, 2029, 2030, "Terminal"], "revenueGrowth": [0.0, 6.514159282212382, 8.769826773356947, 11.02549426450151, 13.281161755646075, 13.281161755646076, 10.889462737916862, 8.497763720187645, 6.10606470245843, 3.7143656847292146, 1.3226666669999991, 1.322666667], "Revenues": [147114000000.0, 156697240286.4339, 170439316818.18503, 189231093918.42957, 214363181593.71475, 242833102485.72537, 269276322696.2359, 292158788353.3721, 309998193004.1475, 321512659508.3742, 325765200285.8767, 330073988002.74384], "operatingMargin": [35.73691151080114, 35.73691151080114, 35.73691151080114, 35.73691151080114, 35.73691151080114, 35.73691151080114, 35.73691151080114, 35.73691151080114, 35.73691151080114, 35.73691151080114, 35.73691151080114, 35.73691151080114], "OperatingIncome": [52574000000.0, 55998754101.03033, 60909747830.928795, 67625348584.55018, 76606780517.8838, 86781050954.25673, 96231041161.49316, 104408527664.87338, 110783779918.97475, 114898694624.53107, 116418421359.14787, 117958249012.71295], "Effective_tax_rate": [15.897581187803237, 15.897581187803237, 15.897581187803237, 15.897581187803237, 15.897581187803237, 15.897581187803237, 18.11806495024259, 20.338548712681945, 22.5590324751213, 24.779516237560653, 27.000000000000007, 27.0], "EBIT(1-t)": [44216005666.324326, 47096306703.660736, 51226571218.22067, 56874553889.78637, 64428155389.690994, 72984962923.17487, 78795838621.55914, 83173348405.5591, 85792031029.88632, 86427353933.30017, 84985447592.17795, 86109521779.28046], "Reinvestment": [5485864497.332304, 5485864497.332304, 7866563658.210216, 10757232392.674887, 14386702555.800592, 16297423793.540146, 15137251974.505247, 13098920845.970055, 10212052886.30523, 6591382571.370828, 2434339719.915339, 13684819869.136877], "Invested Capital": [84214466666.66666, 89700331163.99896, 95186195661.33127, 103052759319.54149, 113809991712.21637, 128196694268.01697, 144494118061.55713, 159631370036.06238, 172730290882.03244, 182942343768.33768, 189533726339.7085, 191968066059.62384], "cost_to_capital": [0.0, 6.293788074496422, 6.293788074496422, 6.293788074496422, 6.293788074496422, 6.293788074496422, 6.199563792997138, 6.105339511497854, 6.01111522999857, 5.916890948499286, 5.822666667000002, 5.822666667], "ROIC": [52.504049976754985, 52.50404997675497, 53.81722723795244, 55.18974384124179, 56.610280363262056, 56.93201633623048, 54.5322118842171, 52.10338568588955, 49.66820271754112, 47.24294668638567, 44.83922161687219, 8.322666667], "FCFF": [38730141168.99202, 41610442206.32843, 43360007560.01046, 46117321497.11148, 50041452833.8904, 56687539129.63472, 63658586647.053894, 70074427559.58905, 75579978143.58109, 79835971361.92934, 82551107872.2626, 72424701910.14359], "Cumulated discount factor": [0.0, 0.940788749855397, 0.8850834718544807, 0.8326765730036513, 0.7833727521499813, 0.7369882721659626, 0.6939654418943669, 0.6540344200295094, 0.6169489101312968, 0.5824839688990496, 0.5504340301043396, 0.0], "PV FCFF": [0.0, 39146635904.22197, 38377226030.850586, 38400813220.3224, 39201110628.06821, 41778051516.48989, 44176859212.8936, 45831087587.83569, 46628985143.42959, 46503173459.807465, 45438938995.70757, 0.0], "Price Target USD": [180.4431356931576, 192.22893732878532, 204.7845389330335, 218.1602206658784, 232.40954678003501, 247.58958012435417, 263.76111065769686, 280.9888988883929, 299.3419352141612, 318.89371620104424, 339.7225389077436, 361.9118144340075], "Price Target Local": [180.4431356931576, 192.22893732878532, 204.7845389330335, 218.1602206658784, 232.40954678003501, 247.58958012435417, 263.76111065769686, 280.9888988883929, 299.3419352141612, 318.89371620104424, 339.7225389077436, 361.9118144340075], "Terminal cash flow": 72424701910.14359, "Terminal cost of capital": 5.822666667, "Terminal value": 1609437820225.4128, "PV(Terminal value)": 885889345589.0176, "PV (CF over next 10 years)": 425482881699.627, "Sum of PV": 1311372227288.6445, "Value of operating assets": 1311372227288.6445, "Debt": 71305000000, "Minority Interests": 0, "Cash Marketable": 137977000000, "Non-operating assets": 0, "Value of equity": 1378044227288.6445, "Value of equity in common stock": 1378044227288.6445, "Number of shares": 7637000000, "Estimated value /share": 180.4431356931576, "Estimated value /share (Local Currency)": 180.4431356931576, "Current price": 206.75, "Valuation": 12.723997246356669}, "2021Q2": {"Date": [2020, 2021, 2022, 2023, 2024, 2025, 2026, 2027, 2028, 2029, 2030, "Terminal"], "revenueGrowth": [0.0, 6.514159282212382, 8.769826773356947, 11.02549426450151, 13.281161755646075, 13.281161755646076, 10.942329404516862, 8.603497053387645, 6.26466470225843, 3.9258323511292144, 1.5869999999999989, 1.587], "Revenues": [153284000000.0, 163269163914.14642, 177587586763.72525, 197167495956.82642, 223353630024.4095, 253017586915.05862, 280703604726.6641, 304853931088.0756, 323952007702.3976, 336669820422.91095, 342012770473.0226, 347440513140.42944], "operatingMargin": [36.735297443525305, 36.735297443525305, 36.735297443525305, 36.735297443525305, 36.735297443525305, 36.735297443525305, 36.735297443525305, 36.735297443525305, 36.735297443525305, 36.735297443525305, 36.735297443525305, 36.735297443525305], "OperatingIncome": [56309333333.33333, 59977412997.41857, 65237328220.433044, 72430066101.69092, 82049620340.37787, 92946763137.67696, 103117304131.03763, 111988998353.48424, 119004733603.74776, 123676659934.93884, 125639408528.10634, 127633305941.44739], "Effective_tax_rate": [15.505714191614794, 15.505714191614794, 15.505714191614794, 15.505714191614794, 15.505714191614794, 15.505714191614794, 17.804571353291834, 20.103428514968876, 22.402285676645917, 24.70114283832296, 27.0, 27.0], "EBIT(1-t)": [47578169043.46298, 50677486758.51443, 55121814560.327034, 61199267063.165054, 69327240715.09384, 78534703695.19159, 84757710139.43608, 89475370124.86186, 92344953213.10474, 93127111506.74265, 91716768225.51762, 93172313337.25659], "Reinvestment": [6250183834.232859, 6250183834.232859, 8962574455.023176, 12255986277.910759, 16391133208.978786, 18568066124.04669, 17329981004.640537, 15116825393.491318, 11954384599.602211, 7960677276.407907, 3344403789.2067075, 17219571592.66638], "Invested Capital": [95947666666.66666, 102197850500.89952, 108448034335.13239, 117410608790.15556, 129666595068.06631, 146057728277.0451, 164625794401.0918, 181955775405.73233, 197072600799.22363, 209026985398.82584, 216987662675.23373, 220332066464.44043], "cost_to_capital": [0.0, 5.995284474320282, 5.995284474320282, 5.995284474320282, 5.995284474320282, 5.995284474320282, 6.013627579456226, 6.031970684592169, 6.050313789728112, 6.068656894864056, 6.086999999999999, 6.087], "ROIC": [49.58762489634591, 49.58762489634591, 50.82785953499758, 52.12413741295274, 53.465767863112056, 53.76963247451408, 51.48507282700406, 49.17424023796226, 46.85834197072642, 44.552674062181524, 42.268194926266595, 8.587], "FCFF": [41327985209.230125, 44427302924.28157, 46159240105.303856, 48943280785.254295, 52936107506.11505, 59966637571.1449, 67427729134.79555, 74358544731.37054, 80390568613.50253, 85166434230.33473, 88372364436.31091, 75952741744.59021], "Cumulated discount factor": [0.0, 0.9434381962928476, 0.8900756302243017, 0.8397313471430348, 0.7922346275191878, 0.7474244080274386, 0.7050267263680332, 0.6649190068014862, 0.6269844784428062, 0.5911119239157306, 0.5571954376273537, 0.0], "PV FCFF": [0.0, 41914414537.04016, 41085214727.40319, 41099207107.4014, 41937817412.42274, 44820528588.008934, 47538351138.33536, 49442409709.986786, 50403638733.85751, 50342894790.9357, 49240678276.25425, 0.0], "Price Target USD": [191.8134429019269, 203.67401711202317, 216.2679769413178, 229.6406704865319, 243.84024989429201, 258.91784474648586, 274.92774616671124, 291.92760231074607, 309.9786259449571, 329.14581486009286, 349.49818591412145, 371.1090235468514], "Price Target Local": [191.8134429019269, 203.67401711202317, 216.2679769413178, 229.6406704865319, 243.84024989429201, 258.91784474648586, 274.92774616671124, 291.92760231074607, 309.9786259449571, 329.14581486009286, 349.49818591412145, 371.1090235468514], "Terminal cash flow": 75952741744.59021, "Terminal cost of capital": 6.087, "Terminal value": 1687838705435.3381, "PV(Terminal value)": 940456026119.4293, "PV (CF over next 10 years)": 457825155021.646, "Sum of PV": 1398281181141.0752, "Value of operating assets": 1398281181141.0752, "Debt": 69398000000, "Minority Interests": 0, "Cash Marketable": 131968000000, "Non-operating assets": 0, "Value of equity": 1460851181141.0752, "Value of equity in common stock": 1460851181141.0752, "Number of shares": 7616000000, "Estimated value /share": 191.8134429019269, "Estimated value /share (Local Currency)": 191.8134429019269, "Current price": 225.84, "Valuation": 15.066665381718522}, "2021Q3": {"Date": [2020, 2021, 2022, 2023, 2024, 2025, 2026, 2027, 2028, 2029, 2030, "Terminal"], "revenueGrowth": [0.0, 6.514159282212382, 8.769826773356947, 11.02549426450151, 13.281161755646075, 13.281161755646076, 10.88986273791686, 8.498563720187645, 6.10726470245843, 3.715965684729215, 1.3246666669999998, 1.324666667], "Revenues": [159969000000.0, 170389635462.16232, 185332511331.94833, 205766336739.1089, 233094496760.09735, 264052153918.3151, 292807071036.53253, 317691466545.78735, 337093725344.8608, 349620012504.05115, 354251312270.8535, 358943961321.9156], "operatingMargin": [37.54789990560671, 37.54789990560671, 37.54789990560671, 37.54789990560671, 37.54789990560671, 37.54789990560671, 37.54789990560671, 37.54789990560671, 37.54789990560671, 37.54789990560671, 37.54789990560671, 37.54789990560671], "OperatingIncome": [60065000000.0, 63977729772.86087, 69588465847.46718, 77260938158.23425, 87522088328.95903, 99146038451.84752, 109942905949.33598, 119286473867.26627, 126571614580.56914, 131274972344.9908, 133013928145.75835, 134775919314.37254], "Effective_tax_rate": [13.980558669512739, 13.980558669512739, 13.980558669512739, 13.980558669512739, 13.980558669512739, 13.980558669512739, 16.584446935610192, 19.188335201707645, 21.792223467805098, 24.39611173390255, 27.000000000000004, 27.0], "EBIT(1-t)": [51667577435.15718, 55033285726.54374, 59859609552.4482, 66459427370.406364, 75286011421.34616, 85284868377.58932, 91709483052.70055, 96397385411.31783, 98988845484.36253, 99248983413.05717, 97100167546.4036, 98386421099.49196], "Reinvestment": [6871413148.340326, 6871413148.340326, 9853398489.803686, 13474154919.197044, 18020309679.770992, 20413616157.209724, 18961119624.90199, 16408880543.96188, 12793935331.827671, 8259889197.552521, 3053899565.6324167, 15655787520.305588], "Invested Capital": [105484266666.66666, 112355679815.00699, 119227092963.34732, 129080491453.151, 142554646372.34805, 160574956052.11905, 180988572209.32877, 199949691834.23074, 216358572378.19263, 229152507710.0203, 237412396907.5728, 240466296473.20523], "cost_to_capital": [0.0, 5.678149336959611, 5.678149336959611, 5.678149336959611, 5.678149336959611, 5.678149336959611, 5.707452802967689, 5.736756268975767, 5.766059734983845, 5.795363200991923, 5.824666667000001, 5.824666667], "ROIC": [48.98131168549356, 48.98131168549355, 50.206381842128934, 51.48680999136683, 52.81203618204178, 53.112185408232506, 50.67142192084408, 48.21081969520441, 45.752217902108825, 43.311323277618776, 40.899367013343344, 8.324666666999999], "FCFF": [44796164286.81686, 48161872578.203415, 50006211062.64451, 52985272451.20932, 57265701741.575165, 64871252220.3796, 72748363427.79855, 79988504867.35594, 86194910152.53487, 90989094215.50465, 94046267980.77118, 82730633579.18637], "Cumulated discount factor": [0.0, 0.9462694097825789, 0.8954257958902703, 0.847314039381182, 0.8017873559457239, 0.7587068480818947, 0.7177420588272792, 0.678800905336522, 0.6417946428536541, 0.6066377801779093, 0.573247995277722, 0.0], "PV FCFF": [0.0, 45574106738.60032, 44776851340.225296, 44895165228.346634, 45914915585.75399, 49218263303.24982, 52214560142.98327, 54296269520.47601, 55319431577.14892, 55197422135.29239, 53911834583.32849, 0.0], "Price Target USD": [212.35862622473084, 224.7566998307593, 237.87860666114582, 251.76660606628096, 266.46542461225533, 282.02240012361614, 298.48763413573084, 315.91415324773436, 334.3580798956994, 353.8788130960089, 374.5392197410174, 396.40583706307285], "Price Target Local": [212.35862622473084, 224.7566998307593, 237.87860666114582, 251.76660606628096, 266.46542461225533, 282.02240012361614, 298.48763413573084, 315.91415324773436, 334.3580798956994, 353.8788130960089, 374.5392197410174, 396.40583706307285], "Terminal cash flow": 82730633579.18637, "Terminal cost of capital": 5.824666667, "Terminal value": 1838458523981.9194, "PV(Terminal value)": 1053892663273.875, "PV (CF over next 10 years)": 501318820155.40515, "Sum of PV": 1555211483429.2803, "Value of operating assets": 1555211483429.2803, "Debt": 67330000000, "Minority Interests": 0, "Cash Marketable": 125407000000, "Non-operating assets": 0, "Value of equity": 1613288483429.2803, "Value of equity in common stock": 1613288483429.2803, "Number of shares": 7597000000, "Estimated value /share": 212.35862622473084, "Estimated value /share (Local Currency)": 212.35862622473084, "Current price": 255.23, "Valuation": 16.797153067926633}, "2021Q4": {"Date": [2021, 2022, 2023, 2024, 2025, 2026, 2027, 2028, 2029, 2030, 2031, "Terminal"], "revenueGrowth": [0.0, 6.758176176289989, 8.932504702742017, 11.106833229194047, 13.281161755646076, 13.281161755646076, 10.93026273791686, 8.579363720187645, 6.22846470245843, 3.877565684729215, 1.5266666669999998, 1.526666667], "Revenues": [168088000000.0, 179447683171.20233, 195476855909.43158, 217188144296.9641, 246033253055.12994, 278709327366.0598, 309172989122.251, 335698064383.62506, 356606899830.59534, 370434566607.80316, 376089867659.2504, 381831506306.7687], "operatingMargin": [38.86852918312629, 38.143521149463794, 37.4185131158013, 36.6935050821388, 35.9684970484763, 35.2434890148138, 35.2434890148138, 35.2434890148138, 35.2434890148138, 35.2434890148138, 35.2434890148138, 35.2434890148138], "OperatingIncome": [65333333333.33333, 68447664982.63034, 73144532966.82664, 79693942765.40947, 88494463363.40463, 98226891173.5187, 108963348458.07198, 118311710443.98544, 125680713567.8639, 130554065789.4942, 132547191194.31566, 134570744980.32407], "Effective_tax_rate": [13.826615285083403, 13.826615285083403, 13.826615285083403, 13.826615285083403, 13.826615285083403, 13.826615285083403, 16.46129222806672, 19.09596917105004, 21.73064611403336, 24.365323057016678, 26.999999999999996, 27.0], "EBIT(1-t)": [56299944680.41218, 58983669673.8593, 63031119791.432526, 68674967893.72175, 76258674365.54759, 84645436824.45874, 91026573246.90211, 95718942691.85999, 98369482468.8395, 98744145895.81386, 96759449571.85043, 98236643835.63657], "Reinvestment": [7398544907.148966, 7398544907.148966, 10439776580.114336, 14140530128.02642, 18786776821.373085, 21281879039.691868, 19840938003.513126, 17275742424.250294, 13617893710.51838, 9005938992.349184, 3683289239.848652, 17588890885.37385], "Invested Capital": [109475466666.66669, 116874011573.81566, 124272556480.96463, 134712333061.07896, 148852863189.10538, 167639640010.47845, 188921519050.17032, 208762457053.68344, 226038199477.93375, 239656093188.45212, 248662032180.8013, 252345321420.64996], "cost_to_capital": [0.0, 5.692804060375309, 5.692804060375309, 5.692804060375309, 5.692804060375309, 5.692804060375309, 5.759576581700247, 5.826349103025185, 5.893121624350123, 5.959894145675062, 6.026666667, 6.026666667], "ROIC": [51.42699674607051, 50.467737762732824, 50.72006368605388, 50.97897596546288, 51.23090865149648, 50.49249498457996, 48.1822154006336, 45.85064960566439, 43.51896391673501, 41.20243494838539, 38.91203201520406, 8.526666667], "FCFF": [48901399773.263214, 51585124766.710335, 52591343211.31819, 54534437765.69533, 57471897544.17451, 63363557784.76688, 71185635243.38899, 78443200267.6097, 84751588758.3211, 89738206903.46468, 93076160332.00179, 80647752950.26271], "Cumulated discount factor": [0.0, 0.9461382058032693, 0.8951775044806297, 0.8469616379647511, 0.8013427645281678, 0.7581810054641124, 0.7168911128141767, 0.6774221343649127, 0.6397225088594797, 0.6037402302233152, 0.5694230038557129, 0.0], "PV FCFF": [0.0, 48806657392.91311, 47078587373.19212, 46188576735.520096, 46054689260.72842, 48041045951.03793, 51032349266.01721, 53139160151.698456, 54217498990.30005, 54178565695.72526, 52999706803.6044, 0.0], "Price Target USD": [209.0489335387744, 221.24159805351823, 234.14539304595723, 247.8017948115882, 262.25469872811874, 277.5505603471118, 293.7385447147231, 310.87068440148886, 329.0020467491142, 348.19091087183875, 368.49895498131025, 389.9914546370784], "Price Target Local": [209.0489335387744, 221.24159805351823, 234.14539304595723, 247.8017948115882, 262.25469872811874, 277.5505603471118, 293.7385447147231, 310.87068440148886, 329.0020467491142, 348.19091087183875, 368.49895498131025, 389.9914546370784], "Terminal cash flow": 80647752950.26271, "Terminal cost of capital": 6.026666667, "Terminal value": 1792172287783.616, "PV(Terminal value)": 1020504127536.7117, "PV (CF over next 10 years)": 501736837620.73706, "Sum of PV": 1522240965157.4487, "Value of operating assets": 1522240965157.4487, "Debt": 67775000000, "Minority Interests": 0, "Cash Marketable": 130334000000, "Non-operating assets": 0, "Value of equity": 1584799965157.4487, "Value of equity in common stock": 1584799965157.4487, "Number of shares": 7581000000, "Estimated value /share": 209.0489335387744, "Estimated value /share (Local Currency)": 209.0489335387744, "Current price": 279.78, "Valuation": 25.28095877518964}, "2014Q1": {"Date": [2013, 2014, 2015, 2016, 2017, 2018, 2019, 2020, 2021, 2022, 2023, "Terminal"], "revenueGrowth": [0.0, 6.556222505656353, 8.797868922319594, 11.039515338982834, 13.281161755646075, 13.281161755646076, 11.173496071116862, 9.065830386587646, 6.95816470205843, 4.850499017529215, 2.742833332999999, 2.742833333], "Revenues": [80370000000.0, 85639236027.796, 93173663759.5974, 103459584662.23045, 117200219452.94089, 132765770176.45816, 147600348290.91275, 160981545516.9795, 172182906593.9701, 180534636786.66385, 185486400982.05896, 190573983816.37692], "operatingMargin": [30.010368711376557, 30.010368711376557, 30.010368711376557, 30.010368711376557, 30.010368711376557, 30.010368711376557, 30.010368711376557, 30.010368711376557, 30.010368711376557, 30.010368711376557, 30.010368711376557, 30.010368711376557], "OperatingIncome": [24119333333.333336, 25700650493.54761, 27961760036.153416, 31048602824.394146, 35172217988.37003, 39843497152.4539, 44295408741.3789, 48311155366.91802, 51672725126.81552, 54179110151.42228, 55665152844.178276, 57191955211.2538], "Effective_tax_rate": [18.925016114015612, 18.925016114015612, 18.925016114015612, 18.925016114015612, 18.925016114015612, 18.925016114015612, 20.54001289121249, 22.15500966840937, 23.77000644560625, 25.385003222803128, 27.000000000000007, 27.0], "EBIT(1-t)": [19554745613.406864, 20836798246.236893, 22669992443.549004, 25172649736.700848, 28515870066.414307, 32303108895.96465, 35197126075.68441, 37607814224.45706, 39390115033.55107, 40425741293.397675, 40635561576.25014, 41750127304.21527], "Reinvestment": [2027905183.2245643, 2027905183.2245643, 2899681276.2516966, 3958614152.5363083, 5288186819.851492, 5990519465.336727, 5709199149.660258, 5149854565.129656, 4310928200.477744, 3214226285.8057804, 1905723756.7222369, 11753628222.205685], "Invested Capital": [30931000000.0, 32958905183.224564, 34986810366.44913, 37886491642.70082, 41845105795.23713, 47133292615.08862, 53123812080.425354, 58833011230.08561, 63982865795.21526, 68293793995.69301, 71508020281.4988, 73413744038.22104], "cost_to_capital": [0.0, 8.559565838874358, 8.559565838874358, 8.559565838874358, 8.559565838874358, 8.559565838874358, 8.296219337699487, 8.032872836524616, 7.769526335349744, 7.506179834174873, 7.242833333000001, 7.242833333], "ROIC": [63.22054124796115, 63.22054124796116, 64.79582507266386, 66.44228231555083, 68.14624918372179, 68.53565092463658, 66.25489530457392, 63.92298037810692, 61.5635366499897, 59.193872427042415, 56.82657891560135, 9.742833333], "FCFF": [17526840430.1823, 18808893063.01233, 19770311167.297306, 21214035584.16454, 23227683246.562813, 26312589430.627922, 29487926926.02415, 32457959659.327408, 35079186833.073326, 37211515007.591896, 38729837819.5279, 29996499082.009586], "Cumulated discount factor": [0.0, 0.9211532786380282, 0.8485233627455888, 0.781620077594064, 0.7199918971250822, 0.6632228966295833, 0.612415558627637, 0.5668788976428911, 0.5260103824516372, 0.48928385629830096, 0.45623921066969986, 0.0], "PV FCFF": [0.0, 17325873512.54587, 16775570914.201778, 16581316139.377922, 16723743726.513247, 17451111780.00601, 18058865241.17202, 18399732391.41695, 18452016482.157337, 18206993561.61666, 17670070636.1469, 0.0], "Price Target USD": [64.56121337275681, 70.34315141225163, 76.64290511452741, 83.50684873312849, 90.98550968178033, 99.13394048085044, 108.01212401438846, 117.68541508095561, 128.22502148862338, 139.70852823561643, 152.2204686352405, 165.852946589306], "Price Target Local": [64.56121337275681, 70.34315141225163, 76.64290511452741, 83.50684873312849, 90.98550968178033, 99.13394048085044, 108.01212401438846, 117.68541508095561, 128.22502148862338, 139.70852823561643, 152.2204686352405, 165.852946589306], "Terminal cash flow": 29996499082.009586, "Terminal cost of capital": 7.242833333, "Terminal value": 666588868489.1019, "PV(Terminal value)": 304123979200.6762, "PV (CF over next 10 years)": 175645294385.1547, "Sum of PV": 479769273585.83093, "Value of operating assets": 479769273585.83093, "Debt": 15932000000, "Minority Interests": 0, "Cash Marketable": 80672000000, "Non-operating assets": 0, "Value of equity": 544509273585.83093, "Value of equity in common stock": 544509273585.83093, "Number of shares": 8434000000, "Estimated value /share": 64.56121337275681, "Estimated value /share (Local Currency)": 64.56121337275681, "Current price": 28.13, "Valuation": -129.51017907130046}, "2014Q2": {"Date": [2013, 2014, 2015, 2016, 2017, 2018, 2019, 2020, 2021, 2022, 2023, "Terminal"], "revenueGrowth": [0.0, 6.556222505656353, 8.797868922319594, 11.039515338982834, 13.281161755646075, 13.281161755646076, 11.146662737916861, 9.012163720187646, 6.87766470245843, 4.743165684729215, 2.6086666669999996, 2.608666667], "Revenues": [83433000000.0, 88903053123.14426, 96724627204.85864, 107402557261.71298, 121666864621.34149, 137825637714.7248, 153188596717.1683, 166994203853.9775, 178479505267.594, 186945083915.72098, 191821858005.42557, 196825850875.23315], "operatingMargin": [29.152733330936197, 29.152733330936197, 29.152733330936197, 29.152733330936197, 29.152733330936197, 29.152733330936197, 29.152733330936197, 29.152733330936197, 29.152733330936197, 29.152733330936197, 29.152733330936197, 29.152733330936197], "OperatingIncome": [24323000000.0, 25917670000.05079, 28197872634.374607, 31310781109.113235, 35469216595.170845, 40179940624.63595, 44658663094.35936, 48683374927.670044, 52031654221.035904, 54499601789.24503, 55921314734.76881, 57380115432.00287], "Effective_tax_rate": [18.591710066348003, 18.591710066348003, 18.591710066348003, 18.591710066348003, 18.591710066348003, 18.591710066348003, 20.273368053078404, 21.955026039808804, 23.636684026539204, 25.318342013269604, 27.000000000000004, 27.0], "EBIT(1-t)": [19800938360.562176, 21099131937.68849, 22955405909.313595, 25489571465.798042, 28874882682.99169, 32709802558.872856, 35604847957.655594, 37994927285.24234, 39733096519.0282, 40701206212.37398, 40822559756.381226, 41887484265.36209], "Reinvestment": [2521326489.00026, 2521326489.00026, 3605219451.062411, 4921807392.71568, 6574886053.830421, 7448107305.889056, 7081290548.7872925, 6363456110.415202, 5293951271.840269, 3902062230.424645, 2247864767.751003, 11372075622.397806], "Invested Capital": [38457000000.0, 40978326489.00026, 43499652978.00052, 47104872429.06293, 52026679821.77861, 58601565875.60903, 66049673181.498085, 73130963730.28537, 79494419840.70058, 84788371112.54085, 88690433342.9655, 90938298110.7165], "cost_to_capital": [0.0, 7.742962070283452, 7.742962070283452, 7.742962070283452, 7.742962070283452, 7.742962070283452, 7.616102989626762, 7.489243908970071, 7.36238482831338, 7.235525747656689, 7.108666666999999, 7.108666667], "ROIC": [51.488515382276766, 51.488515382276766, 52.77146905269117, 54.11238827614656, 55.50014489086143, 55.81728418026323, 53.90616825584728, 51.954637744651635, 49.98224604777244, 48.00328827918002, 46.028143304386134, 9.608666667], "FCFF": [17279611871.561916, 18577805448.688232, 19350186458.251183, 20567764073.082363, 22299996629.16127, 25261695252.9838, 28523557408.8683, 31631471174.827137, 34439145247.18793, 36799143981.94933, 38574694988.630226, 30515408642.964287], "Cumulated discount factor": [0.0, 0.9281348691227506, 0.8614343352815053, 0.7995272440343435, 0.7420691140018888, 0.6887402200041786, 0.6399973617986957, 0.5954059574004384, 0.5545759423587425, 0.5171569202390571, 0.4828338698743155, 0.0], "PV FCFF": [0.0, 17242709028.706177, 16668915009.236792, 16444487725.300125, 16548138740.846811, 17398745546.218575, 18255001490.789352, 18833566378.83232, 19099121429.488853, 19030931969.13855, 18625169260.581696, 0.0], "Price Target USD": [67.48471508686347, 73.01550684341167, 78.99958135317188, 85.4740879545035, 92.47922060489334, 100.05846740641256, 108.25888058133545, 117.13136857393778, 126.73101209185269, 137.11740604897957, 148.35502953273925, 160.51364609244465], "Price Target Local": [67.48471508686347, 73.01550684341167, 78.99958135317188, 85.4740879545035, 92.47922060489334, 100.05846740641256, 108.25888058133545, 117.13136857393778, 126.73101209185269, 137.11740604897957, 148.35502953273925, 160.51364609244465], "Terminal cash flow": 30515408642.964287, "Terminal cost of capital": 7.108666667, "Terminal value": 678120192065.8732, "PV(Terminal value)": 327419396575.07965, "PV (CF over next 10 years)": 178146786579.13925, "Sum of PV": 505566183154.2189, "Value of operating assets": 505566183154.2189, "Debt": 22976000000, "Minority Interests": 0, "Cash Marketable": 83944000000, "Non-operating assets": 0, "Value of equity": 566534183154.2189, "Value of equity in common stock": 566534183154.2189, "Number of shares": 8395000000, "Estimated value /share": 67.48471508686347, "Estimated value /share (Local Currency)": 67.48471508686347, "Current price": 30.31, "Valuation": -122.64835066599629}, "2014Q3": {"Date": [2013, 2014, 2015, 2016, 2017, 2018, 2019, 2020, 2021, 2022, 2023, "Terminal"], "revenueGrowth": [0.0, 6.556222505656353, 8.797868922319594, 11.039515338982834, 13.281161755646075, 13.281161755646076, 11.126762737916861, 8.972363720187646, 6.817964702458431, 4.663565684729216, 2.5091666670000006, 2.509166667], "Revenues": [83347000000.0, 88811414771.7894, 96624926631.46901, 107291850228.23094, 121541454407.66783, 137683571567.71503, 153003295905.14462, 166731308117.62915, 178098989853.03632, 186404753228.67188, 191081959162.38934, 195876523988.3426], "operatingMargin": [27.419503201474953, 27.419503201474953, 27.419503201474953, 27.419503201474953, 27.419503201474953, 27.419503201474953, 27.419503201474953, 27.419503201474953, 27.419503201474953, 27.419503201474953, 27.419503201474953, 27.419503201474953], "OperatingIncome": [22853333333.333332, 24351648716.625996, 26494074851.13847, 29418892308.251495, 33326062982.429703, 37752151313.91468, 41952743619.073326, 45716896367.17439, 48833858224.547844, 51111257279.237175, 52393723909.97241, 53708369765.921455], "Effective_tax_rate": [18.113772455089823, 18.113772455089823, 18.113772455089823, 18.113772455089823, 18.113772455089823, 18.113772455089823, 19.891017964071857, 21.66826347305389, 23.445508982035925, 25.22275449101796, 26.999999999999993, 27.0], "EBIT(1-t)": [18713732534.930138, 19940646479.03356, 21694998418.522068, 24090021096.726894, 27289455765.552464, 30913812528.01097, 33607915849.382442, 35810838810.63204, 37384511608.23679, 38219590338.42264, 38247418454.27987, 39207109929.12266], "Reinvestment": [2373168972.8174405, 2373168972.8174405, 3393370505.083504, 4632593456.47367, 6188534349.213685, 7010443606.436468, 6653282371.1328125, 5962009474.339148, 4936929335.343567, 3607152963.6406283, 2031287972.2600446, 10345509421.44711], "Invested Capital": [36197200000.0, 38570368972.817444, 40943537945.63489, 44336908450.71839, 48969501907.19206, 55158036256.40575, 62168479862.84222, 68821762233.97504, 74783771708.31418, 79720701043.65775, 83327854007.29837, 85359141979.55841], "cost_to_capital": [0.0, 7.853716868959024, 7.853716868959024, 7.853716868959024, 7.853716868959024, 7.853716868959024, 7.684806828567219, 7.515896788175414, 7.3469867477836095, 7.178076707391805, 7.009166667, 7.009166667000001], "ROIC": [51.699392590946644, 51.69939259094664, 52.987600747470424, 54.33401186170562, 55.727452195188675, 56.0458903654693, 54.059413908027246, 52.03417879490655, 49.99013924311138, 47.94186433143921, 45.899920152665786, 9.509166667], "FCFF": [16340563562.112698, 17567477506.21612, 18301627913.438564, 19457427640.253223, 21100921416.33878, 23903368921.5745, 26954633478.24963, 29848829336.292892, 32447582272.893227, 34612437374.78201, 36216130482.01982, 28861600507.67555], "Cumulated discount factor": [0.0, 0.927181769001979, 0.8596660327696392, 0.7970666730142673, 0.7390256878978902, 0.6852111446430703, 0.6363118111303457, 0.5918304456725949, 0.551324693503625, 0.5144006222548697, 0.4807070630272491, 0.0], "PV FCFF": [0.0, 16288244871.115938, 15733287861.57182, 15508867114.632483, 15594122964.989092, 16378854779.577658, 17151551646.899673, 17665445968.903446, 17889153351.536514, 17804659323.345577, 17409349718.223377, 0.0], "Price Target USD": [64.71615847003778, 70.0745149185674, 75.87653156739756, 82.15894251124956, 88.96152334758503, 96.32734300638394, 104.30303643087777, 112.93909983565122, 122.29021041146933, 132.4155725009654, 143.37929243691903, 155.25078441632436], "Price Target Local": [64.71615847003778, 70.0745149185674, 75.87653156739756, 82.15894251124956, 88.96152334758503, 96.32734300638394, 104.30303643087777, 112.93909983565122, 122.29021041146933, 132.4155725009654, 143.37929243691903, 155.25078441632436], "Terminal cash flow": 28861600507.67555, "Terminal cost of capital": 7.009166667000001, "Terminal value": 641368900170.5676, "PV(Terminal value)": 308310560318.0105, "PV (CF over next 10 years)": 167423537600.7956, "Sum of PV": 475734097918.8061, "Value of operating assets": 475734097918.8061, "Debt": 22679000000, "Minority Interests": 0, "Cash Marketable": 88425000000, "Non-operating assets": 0, "Value of equity": 541480097918.8061, "Value of equity in common stock": 541480097918.8061, "Number of shares": 8367000000, "Estimated value /share": 64.71615847003778, "Estimated value /share (Local Currency)": 64.71615847003778, "Current price": 33.75, "Valuation": -91.7515806519638}, "2014Q4": {"Date": [2014, 2015, 2016, 2017, 2018, 2019, 2020, 2021, 2022, 2023, 2024, "Terminal"], "revenueGrowth": [0.0, 6.499484440818592, 8.760043545761087, 11.020602650703582, 13.281161755646076, 13.281161755646076, 11.06922940451686, 8.857297053387645, 6.64536470225843, 4.433432351129214, 2.2214999999999994, 2.2215], "Revenues": [86833000000.0, 92476697324.49602, 100577696279.80356, 111661964542.0322, 126491970672.39168, 143291573905.29642, 159152846938.2165, 173249487360.4577, 184762547640.35324, 192953870200.21118, 197240340426.7089, 201622034589.28824], "operatingMargin": [27.183213755139175, 27.183213755139175, 27.183213755139175, 27.183213755139175, 27.183213755139175, 27.183213755139175, 27.183213755139175, 27.183213755139175, 27.183213755139175, 27.183213755139175, 27.183213755139175, 27.183213755139175], "OperatingIncome": [23604000000.0, 25138138307.41082, 27340250169.73366, 30353310504.648323, 34384582770.96419, 38951254827.77995, 43262858580.60486, 47094778478.876045, 50224398264.518074, 52451062985.3372, 53616263349.556465, 54807348639.86687], "Effective_tax_rate": [20.654205607476637, 20.654205607476637, 20.654205607476637, 20.654205607476637, 20.654205607476637, 20.654205607476637, 21.92336448598131, 23.192523364485982, 24.461682242990655, 25.730841121495327, 27.0, 27.0], "EBIT(1-t)": [18728781308.411213, 19946055535.50634, 21693338686.078392, 24084075344.342453, 27282720348.176254, 30906182568.95811, 33778184406.924213, 36172310976.7098, 37938665552.59755, 38954963302.04464, 39139872245.176216, 40009364507.10281], "Reinvestment": [2717001145.7435365, 2717001145.7435365, 3900000687.0856266, 5336212740.801667, 7139494081.775295, 8087701839.310643, 7635968856.151104, 6786435553.891839, 5542642734.527577, 3943484474.9184613, 2063601899.0670903, 9638432278.103228], "Invested Capital": [41803333333.33333, 44520334479.076866, 47237335624.820404, 51137336311.90603, 56473549052.707695, 63613043134.48299, 71700744973.79362, 79336713829.94473, 86123149383.83658, 91665792118.36415, 95609276593.28261, 97672878492.3497], "cost_to_capital": [0.0, 7.817057216081853, 7.817057216081853, 7.817057216081853, 7.817057216081853, 7.817057216081853, 7.597945772865482, 7.378834329649111, 7.15972288643274, 6.940611443216369, 6.721499999999998, 6.7215], "ROIC": [44.8021241728998, 44.8021241728998, 45.92413691232796, 47.096851500916145, 48.310617635723304, 48.58466290257488, 47.10994902391882, 45.59340717620822, 44.05164676864198, 42.49672904341867, 40.93731658662726, 9.221499999999999], "FCFF": [16011780162.667677, 17229054389.762802, 17793337998.992767, 18747862603.540787, 20143226266.40096, 22818480729.64747, 26142215550.77311, 29385875422.817963, 32396022818.069973, 35011478827.126175, 37076270346.10912, 30370932228.999588], "Cumulated discount factor": [0.0, 0.9274970267421111, 0.8602507346154563, 0.7978799986085526, 0.7400313264064323, 0.6863768549379867, 0.6379088838618704, 0.5940732061809437, 0.55438105864695, 0.5184008686366235, 0.4857511079179205, 0.0], "PV FCFF": [0.0, 15979896720.083117, 15306732084.894642, 14958544588.026459, 14906618452.029589, 15662077037.678486, 16676351543.670105, 17457361228.867264, 17959741425.83238, 18149981036.234962, 18009839398.08685, 0.0], "Price Target USD": [66.62303558199801, 72.10735706129964, 78.04314073870705, 84.46755039411313, 91.42080908134713, 98.94645096361887, 107.09159387972863, 115.90723434757219, 125.44856685194999, 135.77532941573293, 146.95217761799591, 159.04908940083715], "Price Target Local": [66.62303558199801, 72.10735706129964, 78.04314073870705, 84.46755039411313, 91.42080908134713, 98.94645096361887, 107.09159387972863, 115.90723434757219, 125.44856685194999, 135.77532941573293, 146.95217761799591, 159.04908940083715], "Terminal cash flow": 30370932228.999588, "Terminal cost of capital": 6.7215, "Terminal value": 674909605088.8798, "PV(Terminal value)": 327838088416.3695, "PV (CF over next 10 years)": 165067143515.40387, "Sum of PV": 492905231931.7734, "Value of operating assets": 492905231931.7734, "Debt": 22645000000, "Minority Interests": 0, "Cash Marketable": 85709000000, "Non-operating assets": 0, "Value of equity": 555969231931.7734, "Value of equity in common stock": 555969231931.7734, "Number of shares": 8345000000, "Estimated value /share": 66.62303558199801, "Estimated value /share (Local Currency)": 66.62303558199801, "Current price": 36.81, "Valuation": -80.99167503938605}, "2023Q1": {"Date": [2022, 2023, 2024, 2025, 2026, 2027, 2028, 2029, 2030, 2031, 2032, "Terminal"], "revenueGrowth": [0.0, 7.990338885145296, 8.925045896854504, 9.859752908563713, 10.79445992027292, 10.79445992027292, 9.365101269618336, 7.935742618963752, 6.5063839683091675, 5.077025317654583, 3.6476666669999993, 3.647666667], "Revenues": [203075000000.0, 219301380691.0088, 238874129570.11694, 262426528508.2128, 290754054948.19543, 322139384876.1467, 352308064499.1235, 380266325723.6267, 405007912977.387, 425570267257.7534, 441093652041.1773, 457183278156.93634], "operatingMargin": [39.96799212113751, 39.02309149987277, 38.07819087860803, 37.13329025734328, 36.18838963607854, 35.2434890148138, 35.2434890148138, 35.2434890148138, 35.2434890148138, 35.2434890148138, 35.2434890148138, 35.2434890148138], "OperatingIncome": [81165000000.0, 85578178447.53667, 90958947017.32259, 97447604543.22438, 105219210287.35086, 113533158721.2135, 124165654010.05168, 134019120733.44243, 142738919319.312, 149985810391.30002, 155456792802.1733, 161127338414.80545], "Effective_tax_rate": [17.666698126563162, 17.666698126563162, 17.666698126563162, 17.666698126563162, 17.666698126563162, 17.666698126563162, 19.53335850125053, 21.400018875937896, 23.266679250625263, 25.13333962531263, 26.999999999999996, 27.0], "EBIT(1-t)": [66825824465.57501, 70459339998.99883, 74889504428.67168, 80231830417.00587, 86630450034.7309, 93475598296.38489, 99911931676.84593, 105339003599.11975, 109528312795.4789, 112289367275.87714, 113483458745.58652, 117622957042.80798], "Reinvestment": [12984513764.064695, 12984513764.064695, 15662311396.53865, 18846867580.144012, 22667972850.265594, 25114858094.32588, 24141282228.46756, 22372483094.15261, 19798468084.707924, 16454203636.60858, 12421969336.447805, 40295151331.9593], "Invested Capital": [162502666666.6667, 175487180430.73138, 188471694194.79608, 204134005591.33472, 222980873171.47873, 245648846021.74432, 270763704116.0702, 294904986344.5377, 317277469438.6903, 337075937523.39825, 353530141160.00684, 365952110496.45465], "cost_to_capital": [0.0, 10.167513672861237, 10.167513672861237, 10.167513672861237, 10.167513672861237, 10.167513672861237, 9.763544271688989, 9.359574870516742, 8.955605469344494, 8.551636068172247, 8.147666667, 8.147666667], "ROIC": [41.1229094490193, 40.150704926740026, 39.73514683391617, 39.30351054670709, 38.85106771831034, 38.05252896979236, 36.90004611327668, 35.71964140207928, 34.52130180855587, 33.31278052681601, 32.10008017229405, 10.647666667], "FCFF": [53841310701.510315, 57474826234.93413, 59227193032.133026, 61384962836.86186, 63962477184.4653, 68360740202.059006, 75770649448.37837, 82966520504.96713, 89729844710.77097, 95835163639.26855, 101061489409.13872, 77327805710.8487], "Cumulated discount factor": [0.0, 0.9077086036174572, 0.8239349090811541, 0.747892805793731, 0.6788687344025697, 0.6162149909441069, 0.5614022351709406, 0.5133544418361616, 0.4711592759498711, 0.4340416165206163, 0.40134163768607595, 0.0], "PV FCFF": [0.0, 52170394264.86805, 48799351906.062485, 45909372089.60452, 43422125935.4712, 42124912904.544235, 42537811960.673416, 42591231824.91586, 42277048665.02122, 41596449345.50591, 40560183666.457756, 0.0], "Price Target USD": [157.46354308024445, 173.81498083043132, 191.86439584740677, 211.78811065660116, 233.78075758863622, 258.057180118733, 284.85453164631735, 314.4345922175428, 347.08632582251084, 383.1287032491109, 422.9138180695943, 466.83032619957316], "Price Target Local": [157.46354308024445, 173.81498083043132, 191.86439584740677, 211.78811065660116, 233.78075758863622, 258.057180118733, 284.85453164631735, 314.4345922175428, 347.08632582251084, 383.1287032491109, 422.9138180695943, 466.83032619957316], "Terminal cash flow": 77327805710.8487, "Terminal cost of capital": 8.147666667, "Terminal value": 1718395682463.305, "PV(Terminal value)": 689663737392.5049, "PV (CF over next 10 years)": 441988882563.1247, "Sum of PV": 1131652619955.6296, "Value of operating assets": 1131652619955.6296, "Debt": 60282000000, "Minority Interests": 0, "Cash Marketable": 107244000000, "Non-operating assets": 0, "Value of equity": 1178614619955.6296, "Value of equity in common stock": 1178614619955.6296, "Number of shares": 7485000000, "Estimated value /share": 157.46354308024445, "Estimated value /share (Local Currency)": 157.46354308024445, "Current price": 247.3, "Valuation": 36.326913432978394}, "2023Q2": {"Date": [2022, 2023, 2024, 2025, 2026, 2027, 2028, 2029, 2030, 2031, 2032, "Terminal"], "revenueGrowth": [0.0, 7.990338885145296, 8.925045896854504, 9.859752908563713, 10.79445992027292, 10.79445992027292, 9.342301269618337, 7.890142618963753, 6.437983968309169, 4.985825317654585, 3.5336666670000003, 3.533666667], "Revenues": [204094000000.0, 220401802244.2484, 240072764252.04208, 263743345608.0521, 292213015342.10016, 323755832165.0241, 354002077383.8406, 381933346163.52, 406522153759.1542, 426790638223.15283, 441871996743.9209, 457486280203.6681], "operatingMargin": [39.34673892095472, 38.526088939726534, 37.70543895849835, 36.88478897727016, 36.064138996041976, 35.2434890148138, 35.2434890148138, 35.2434890148138, 35.2434890148138, 35.2434890148138, 35.2434890148138, 35.2434890148138], "OperatingIncome": [80304333333.33333, 84912194357.37933, 90520489581.03337, 97281176469.12234, 105384108017.50047, 114102851143.89926, 124762683254.98648, 134606636899.05092, 143272590602.89194, 150415911698.43054, 155731108631.98212, 161234126907.86002], "Effective_tax_rate": [18.330750230057635, 18.330750230057635, 18.330750230057635, 18.330750230057635, 18.330750230057635, 18.330750230057635, 20.064600184046107, 21.79845013803458, 23.53230009202305, 25.26615004601152, 26.999999999999993, 27.0], "EBIT(1-t)": [65583946566.08708, 69347152094.86703, 73927404728.9088, 79448806989.70593, 86066410394.63832, 93186942495.33662, 99729549680.9856, 105264476272.12605, 109557254632.60379, 112411601755.62889, 113683709301.34695, 117700912642.73781], "Reinvestment": [14124819276.741484, 14124819276.741484, 17037782234.434912, 20502007494.41678, 24658683852.005394, 27320455597.276924, 26197444702.67081, 24192353928.145542, 21297318812.005714, 17555319581.361397, 13062548856.252203, 39484426916.9925], "Invested Capital": [181032533333.3333, 195157352610.0748, 209282171886.81628, 226319954121.2512, 246821961615.66797, 271480645467.67337, 298801101064.9503, 324998545767.62115, 349190899695.7667, 370488218507.77246, 388043538089.13385, 401106086945.38605], "cost_to_capital": [0.0, 9.768080477428414, 9.768080477428414, 9.768080477428414, 9.768080477428414, 9.768080477428414, 9.421197715342732, 9.07431495325705, 8.727432191171367, 8.380549429085685, 8.033666667000002, 8.033666667], "ROIC": [36.227712974290675, 35.533968445156624, 35.324272518009856, 35.10464081622301, 34.869834852319286, 34.32544604968271, 33.37656699575127, 32.38921454971424, 31.374601894853438, 30.341478119977143, 29.29663765596162, 10.533666667], "FCFF": [51459127289.3456, 55222332818.12555, 56889622494.473885, 58946799495.289154, 61407726542.63293, 65866486898.0597, 73532104978.31479, 81072122343.98051, 88259935820.59808, 94856282174.26749, 100621160445.09476, 78216485725.7453], "Cumulated discount factor": [0.0, 0.911011648969875, 0.8299422245588107, 0.7560870345450484, 0.6888040961056274, 0.6275085554103919, 0.5734798818806974, 0.525769868118317, 0.4835668952375107, 0.4461749804598588, 0.4129962392511737, 0.0], "PV FCFF": [0.0, 50308188480.6038, 47215099847.37462, 44568910826.314735, 42297893575.099815, 41331784043.35895, 42169182877.40301, 42625279072.8667, 42679583138.62857, 42322499845.59865, 41556160852.913086, 0.0], "Price Target USD": [159.8174187590383, 175.7710791227406, 193.31730230579433, 212.61506476098594, 233.8392126526344, 257.182046039278, 282.85506119627354, 311.09086686451127, 342.1452917872981, 376.29970263061347, 413.86355328810924, 455.17718866867125], "Price Target Local": [159.8174187590383, 175.7710791227406, 193.31730230579433, 212.61506476098594, 233.8392126526344, 257.182046039278, 282.85506119627354, 311.09086686451127, 342.1452917872981, 376.29970263061347, 413.86355328810924, 455.17718866867125], "Terminal cash flow": 78216485725.7453, "Terminal cost of capital": 8.033666667, "Terminal value": 1738144127238.7842, "PV(Terminal value)": 717846987826.1313, "PV (CF over next 10 years)": 437074582560.16187, "Sum of PV": 1154921570386.2932, "Value of operating assets": 1154921570386.2932, "Debt": 60114000000, "Minority Interests": 0, "Cash Marketable": 99508000000, "Non-operating assets": 0, "Value of equity": 1194315570386.2932, "Value of equity in common stock": 1194315570386.2932, "Number of shares": 7473000000, "Estimated value /share": 159.8174187590383, "Estimated value /share (Local Currency)": 159.8174187590383, "Current price": 239.47, "Valuation": 33.26202916480632}, "2023Q3": {"Date": [2022, 2023, 2024, 2025, 2026, 2027, 2028, 2029, 2030, 2031, 2032, "Terminal"], "revenueGrowth": [0.0, 7.990338885145296, 8.925045896854504, 9.859752908563713, 10.79445992027292, 10.79445992027292, 9.342301269618337, 7.890142618963753, 6.437983968309169, 4.985825317654585, 3.5336666670000003, 3.533666667], "Revenues": [207591000000.0, 224178224395.06195, 244186233813.0747, 268262393103.7715, 297219869608.52313, 329303149308.5026, 360067641607.2441, 388477492054.79486, 413487610713.7721, 434103380694.1044, 449443147158.012, 465324969836.2504], "operatingMargin": [39.49432618305547, 38.64415874940713, 37.793991315758795, 36.94382388211046, 36.09365644846212, 35.2434890148138, 35.2434890148138, 35.2434890148138, 35.2434890148138, 35.2434890148138, 35.2434890148138, 35.2434890148138], "OperatingIncome": [81986666666.66667, 86631788916.82988, 92287724001.59192, 99106386050.19218, 107277518633.06741, 116057919251.978, 126900399715.74817, 136913022237.35576, 145727460659.5243, 152993177287.86197, 158399446196.46738, 163996754627.42453], "Effective_tax_rate": [18.867769275076114, 18.867769275076114, 18.867769275076114, 18.867769275076114, 18.867769275076114, 18.867769275076114, 20.49421542006089, 22.120661565045665, 23.74710771003044, 25.373553855015217, 26.999999999999993, 27.0], "EBIT(1-t)": [66517611563.67426, 70286302865.13145, 74875089167.75252, 80407221793.3757, 87036643933.35345, 94160378822.06064, 100893158429.0844, 106626955949.75458, 111121403613.61482, 114173371054.2274, 115631595723.4212, 119717630878.0199], "Reinvestment": [14366837626.182262, 14366837626.182262, 17329712053.40959, 20853294255.45814, 25081192193.409195, 27788571432.253384, 26646318575.127853, 24606872050.612247, 21662232645.26682, 17856117020.659035, 13286365986.350677, 40160963419.431206], "Invested Capital": [189242533333.3333, 203609370959.51556, 217976208585.6978, 235305920639.10742, 256159214894.56555, 281240407087.97473, 309028978520.2281, 335675297095.35596, 360282169145.9682, 381944401791.23505, 399800518811.8941, 413086884798.24475], "cost_to_capital": [0.0, 9.249205082355031, 9.249205082355031, 9.249205082355031, 9.249205082355031, 9.249205082355031, 9.006097399284025, 8.762989716213019, 8.519882033142013, 8.276774350071006, 8.033666667, 8.033666667], "ROIC": [35.14939817810915, 34.5201709203781, 34.35011997573819, 34.171355134194684, 33.97755726616257, 33.48038775687249, 32.64844575813146, 31.76490998069031, 30.84288181039401, 29.892667759699957, 28.922322579032418, 10.533666667], "FCFF": [52150773937.492004, 55919465238.94919, 57545377114.342926, 59553927537.91756, 61955451739.94426, 66371807389.80725, 74246839853.95654, 82020083899.14233, 89459170968.348, 96317254033.56836, 102345229737.07053, 79556667458.58868], "Cumulated discount factor": [0.0, 0.915338467905714, 0.83784451082798, 0.7669113108844956, 0.7019834243245769, 0.6425524321164651, 0.5894646698182642, 0.5419717418179746, 0.49942160981381845, 0.46124537123643167, 0.42694595626209897, 0.0], "PV FCFF": [0.0, 51185237637.92658, 48214078338.77828, 45672580636.424614, 43491700167.98214, 42647366262.28622, 43765888939.562035, 44452567734.87458, 44677843177.62197, 44425887593.186935, 43695881978.95779, 0.0], "Price Target USD": [167.59684686845006, 183.39095614507409, 200.67348177619996, 219.5846901868313, 240.27806632777182, 262.9215593723367, 287.6989458059045, 314.8113209712596, 344.4787311752307, 376.9419596029404, 412.46448053429555, 451.334597723302], "Price Target Local": [167.59684686845006, 183.39095614507409, 200.67348177619996, 219.5846901868313, 240.27806632777182, 262.9215593723367, 287.6989458059045, 314.8113209712596, 344.4787311752307, 376.9419596029404, 412.46448053429555, 451.334597723302], "Terminal cash flow": 79556667458.58868, "Terminal cost of capital": 8.033666667, "Terminal value": 1767925943524.1929, "PV(Terminal value)": 754808832558.5101, "PV (CF over next 10 years)": 452229032467.60114, "Sum of PV": 1207037865026.1113, "Value of operating assets": 1207037865026.1113, "Debt": 60522000000, "Minority Interests": 0, "Cash Marketable": 104427000000, "Non-operating assets": 0, "Value of equity": 1250942865026.1113, "Value of equity in common stock": 1250942865026.1113, "Number of shares": 7464000000, "Estimated value /share": 167.59684686845006, "Estimated value /share (Local Currency)": 167.59684686845006, "Current price": 273.18, "Valuation": 38.64966437204405}, "2023Q4": {"Date": [2023, 2024, 2025, 2026, 2027, 2028, 2029, 2030, 2031, 2032, 2033, "Terminal"], "revenueGrowth": [0.0, 8.173968078073377, 9.072381018750146, 9.970793959426915, 10.869206900103684, 10.869206900103686, 9.402098853482949, 7.934990806862212, 6.467882760241475, 5.000774713620737, 3.5336666670000003, 3.533666667], "Revenues": [211915000000.0, 229236864452.6492, 250034106231.22934, 274964491791.8398, 304850951306.5135, 337985831940.9528, 369763593970.808, 399104301159.51495, 424917899449.59344, 446167086318.9172, 461933143927.2938, 478256321458.0777], "operatingMargin": [39.314819621074484, 38.500553499822345, 37.686287378570206, 36.87202125731807, 36.05775513606593, 35.2434890148138, 35.2434890148138, 35.2434890148138, 35.2434890148138, 35.2434890148138, 35.2434890148138, 35.2434890148138], "OperatingIncome": [83314000000.0, 88257461639.90742, 94228571818.7406, 101384965863.56375, 109922409552.0702, 119117999551.73672, 130317591621.8824, 140658280536.803, 149755893214.495, 157244848054.52237, 162801356835.7998, 168554214115.73016], "Effective_tax_rate": [18.978625253328257, 18.978625253328257, 18.978625253328257, 18.978625253328257, 18.978625253328257, 18.978625253328257, 20.582900202662607, 22.187175151996957, 23.791450101331307, 25.395725050665657, 27.000000000000007, 27.0], "EBIT(1-t)": [67502148156.4421, 71507408737.16946, 76345284291.69855, 82143493129.10321, 89060647373.7541, 96511040807.55139, 103494451791.83694, 109450181468.31529, 114126794606.56543, 117311378786.2589, 118844990490.13385, 123044576304.48302], "Reinvestment": [15003137839.50712, 15003137839.50712, 18013296775.213665, 21593172719.96617, 25885820366.46303, 28699403739.883087, 27523950742.615128, 25413123134.87499, 22358157480.0097, 18404743926.347424, 13655593260.799845, 41277034064.92174], "Invested Capital": [193851933333.3333, 208855071172.84042, 223858209012.34753, 241871505787.5612, 263464678507.52734, 289350498873.99036, 318049902613.8734, 345573853356.4885, 370986976491.3635, 393345133971.3732, 411749877897.72064, 425405471158.5205], "cost_to_capital": [0.0, 8.794914673474553, 8.794914673474553, 8.794914673474553, 8.794914673474553, 8.794914673474553, 8.642665072179643, 8.490415470884733, 8.338165869589822, 8.185916268294912, 8.033666667000002, 8.033666667], "ROIC": [34.82149855084006, 34.23781301340425, 34.104304071997426, 33.96162473195618, 33.80363845289022, 33.354371664512364, 32.54031865480046, 31.67200886445776, 30.76301914582769, 29.824032040725985, 28.863394227807188, 10.533666667], "FCFF": [52499010316.93498, 56504270897.662346, 58331987516.48488, 60550320409.13704, 63174827007.29108, 67811637067.668304, 75970501049.22182, 84037058333.4403, 91768637126.55573, 98906634859.91147, 105189397229.334, 81767542239.56128], "Cumulated discount factor": [0.0, 0.9191606087483899, 0.8448562246747107, 0.7765585617768735, 0.7137820403716052, 0.6560803347416324, 0.603888292233763, 0.5566282418706625, 0.5137877657451706, 0.47491187713473376, 0.43959618495462993, 0.0], "PV FCFF": [0.0, 51936500035.17925, 49282142750.94977, 47020869732.04833, 45093056921.38741, 44489881546.73391, 45877696138.75786, 46777400032.12518, 47149603034.732376, 46971935622.40025, 46240857719.692345, 0.0], "Price Target USD": [176.89943032500926, 192.69312786088295, 209.8968971047117, 228.6366301863821, 249.04945896797156, 271.284758534434, 295.5052402765939, 321.8881425653097, 350.62652772980937, 381.9306948311058, 416.02971856875195, 453.17312558220345], "Price Target Local": [176.89943032500926, 192.69312786088295, 209.8968971047117, 228.6366301863821, 249.04945896797156, 271.284758534434, 295.5052402765939, 321.8881425653097, 350.62652772980937, 381.9306948311058, 416.02971856875195, 453.17312558220345], "Terminal cash flow": 81767542239.56128, "Terminal cost of capital": 8.033666667, "Terminal value": 1817056494212.4727, "PV(Terminal value)": 798771102702.8375, "PV (CF over next 10 years)": 470839943534.0067, "Sum of PV": 1269611046236.8442, "Value of operating assets": 1269611046236.8442, "Debt": 59965000000, "Minority Interests": 0, "Cash Marketable": 111262000000, "Non-operating assets": 0, "Value of equity": 1320908046236.8442, "Value of equity in common stock": 1320908046236.8442, "Number of shares": 7467000000, "Estimated value /share": 176.89943032500926, "Estimated value /share (Local Currency)": 176.89943032500926, "Current price": 328.74, "Valuation": 46.18865050647647}, "2024Q1": {"Date": [2023, 2024, 2025, 2026, 2027, 2028, 2029, 2030, 2031, 2032, 2033, "Terminal"], "revenueGrowth": [0.0, 8.173968078073377, 9.072381018750146, 9.970793959426915, 10.869206900103684, 10.869206900103686, 9.402098853482949, 7.934990806862212, 6.467882760241475, 5.000774713620737, 3.5336666670000003, 3.533666667], "Revenues": [218310000000.0, 236154589711.242, 257579433883.112, 283262148517.4553, 314050497509.4965, 348185295854.6087, 380922021564.1511, 411148148956.58026, 437740729201.9949, 459631156899.1473, 475872989881.63885, 492688755102.3426], "operatingMargin": [40.17406440382942, 39.18794932602629, 38.201834248223165, 37.21571917042004, 36.22960409261691, 35.2434890148138, 35.2434890148138, 35.2434890148138, 35.2434890148138, 35.2434890148138, 35.2434890148138, 35.2434890148138], "OperatingIncome": [87704000000.0, 92544140947.12682, 98400068389.53802, 105418045708.3543, 113779251898.5843, 122712646495.71593, 134250210824.96823, 144902952712.12262, 154275105809.67087, 161990056290.41254, 167714244913.40134, 173640707281.71695], "Effective_tax_rate": [18.86595876787725, 18.86595876787725, 18.86595876787725, 18.86595876787725, 18.86595876787725, 18.86595876787725, 20.492767014301798, 22.119575260726346, 23.746383507150895, 25.373191753575444, 26.999999999999993, 27.0], "EBIT(1-t)": [71157799522.22095, 75084801473.95567, 79835952059.60477, 85529920671.11418, 92313705148.9982, 99561729204.8632, 106738627904.39853, 112851035031.94995, 117640347528.0436, 120888008686.12137, 122431398786.78299, 126757716315.65337], "Reinvestment": [15455890435.989908, 15455890435.989908, 18556887520.925346, 22244794075.435028, 26666981781.38659, 29565471205.218483, 28354546335.18302, 26180019873.886044, 23032863928.749355, 18960147448.556713, 14067680743.530241, 42522659116.6886], "Invested Capital": [201268066666.6667, 216723957102.6566, 232179847538.64648, 250736735059.57184, 272981529135.00687, 299648510916.39343, 329213982121.61194, 357568528456.795, 383748548330.681, 406781412259.43036, 425741559707.98706, 439809240451.5173], "cost_to_capital": [0.0, 8.610951178752572, 8.610951178752572, 8.610951178752572, 8.610951178752572, 8.610951178752572, 8.495494276402058, 8.380037374051543, 8.264580471701029, 8.149123569350515, 8.033666667, 8.033666667], "ROIC": [35.354738931372594, 34.64536292053302, 34.38539257646641, 34.11144388188407, 33.81683201845615, 33.22617185728063, 32.42226445442077, 31.560673283802643, 30.655581119403063, 29.718174194504098, 28.757211034496557, 10.533666667], "FCFF": [55701909086.23104, 59628911037.96577, 61279064538.67942, 63285126595.67915, 65646723367.61161, 69996257999.64471, 78384081569.21552, 86671015158.0639, 94607483599.29424, 101927861237.56465, 108363718043.25275, 84235057198.96477], "Cumulated discount factor": [0.0, 0.9207174683096127, 0.8477206564504626, 0.7805112166408328, 0.7186303113728032, 0.661655480937716, 0.609846045082839, 0.5626922262243553, 0.5197380563179071, 0.48057537515283294, 0.4448385304130658, 0.0], "PV FCFF": [0.0, 54901380008.93496, 51947528817.39958, 49394751154.46266, 47175725254.271, 46313407750.595375, 47802222142.43674, 48769106468.415825, 49171109639.02547, 48984020152.76853, 48204357084.456375, 0.0], "Price Target USD": [185.51440315352605, 201.817559685883, 219.55345086525585, 238.84798657692883, 259.83814176924255, 282.67292886032885, 307.51445560074006, 334.5390759019057, 363.93864180032926, 395.9218654454168, 430.715800779902, 468.5674554315519], "Price Target Local": [185.51440315352605, 201.817559685883, 219.55345086525585, 238.84798657692883, 259.83814176924255, 282.67292886032885, 307.51445560074006, 334.5390759019057, 363.93864180032926, 395.9218654454168, 430.715800779902, 468.5674554315519], "Terminal cash flow": 84235057198.96477, "Terminal cost of capital": 8.033666667, "Terminal value": 1871890159976.9946, "PV(Terminal value)": 832688867858.845, "PV (CF over next 10 years)": 492663608472.7665, "Sum of PV": 1325352476331.6113, "Value of operating assets": 1325352476331.6113, "Debt": 84989000000, "Minority Interests": 0, "Cash Marketable": 143945000000, "Non-operating assets": 0, "Value of equity": 1384308476331.6113, "Value of equity in common stock": 1384308476331.6113, "Number of shares": 7462000000, "Estimated value /share": 185.51440315352605, "Estimated value /share (Local Currency)": 185.51440315352605, "Current price": 329.25, "Valuation": 43.65545841958207}, "2024Q2": {"Date": [2023, 2024, 2025, 2026, 2027, 2028, 2029, 2030, 2031, 2032, 2033, "Terminal"], "revenueGrowth": [0.0, 8.173968078073377, 9.072381018750146, 9.970793959426915, 10.869206900103684, 10.869206900103686, 9.402098853482949, 7.934990806862212, 6.467882760241475, 5.000774713620737, 3.5336666670000003, 3.533666667], "Revenues": [227583000000.0, 246185561771.12173, 268520453948.14838, 295294075150.2361, 327390199142.0629, 362974917257.4752, 397102177791.371, 428612199092.96594, 456334333626.3918, 479154585591.95013, 496086311466.4148, 513616348094.25323], "operatingMargin": [40.74191247442325, 39.64222778250136, 38.542543090579464, 37.44285839865757, 36.343173706735676, 35.2434890148138, 35.2434890148138, 35.2434890148138, 35.2434890148138, 35.2434890148138, 35.2434890148138, 35.2434890148138], "OperatingIncome": [92721666666.66667, 97593441164.93867, 103494611669.98466, 110566542418.12837, 118983988773.02779, 127925025090.16774, 139952662407.48816, 151057893303.4813, 160828140742.44113, 168870793737.0755, 174838124685.66086, 181016321218.88593], "Effective_tax_rate": [18.445805750419918, 18.445805750419918, 18.445805750419918, 18.445805750419918, 18.445805750419918, 18.445805750419918, 20.156644600335934, 21.86748345025195, 23.578322300167965, 25.28916115008398, 26.999999999999996, 27.0], "EBIT(1-t)": [75618408144.78148, 79591544582.50374, 84404196639.18787, 90171652778.72478, 97036433329.85364, 104328223455.85945, 111742901637.30281, 118025333485.04327, 122907563368.82062, 126164786573.48055, 127631831020.53242, 132141914489.78673], "Reinvestment": [16112399400.36594, 16112399400.36594, 19345115352.822823, 23189670514.72557, 27799696371.00137, 30821302887.1661, 29558942414.914333, 27292050125.778046, 24011214655.749012, 19765504268.173187, 14665223703.242373, 44328864137.022316], "Invested Capital": [286074333333.3333, 302186732733.6993, 318299132134.06525, 337644247486.88806, 360833918001.61365, 388633614372.615, 419454917259.78107, 449013859674.6954, 476305909800.4734, 500317124456.2224, 520082628724.3956, 534747852427.638], "cost_to_capital": [0.0, 8.334618040846959, 8.334618040846959, 8.334618040846959, 8.334618040846959, 8.334618040846959, 8.274427766077567, 8.214237491308175, 8.154047216538784, 8.093856941769392, 8.033666667, 8.033666667], "ROIC": [26.433132697951983, 26.33853043860911, 26.51725629073894, 26.706112557782124, 26.892270512502016, 26.84487898049689, 26.640026624863015, 26.28545443353376, 25.8043330640821, 25.216963483031833, 24.54068333979438, 10.533666667], "FCFF": [59506008744.41554, 63479145182.1378, 65059081286.36504, 66981982263.99921, 69236736958.85226, 73506920568.69336, 82183959222.38847, 90733283359.26523, 98896348713.07161, 106399282305.30736, 112966607317.29005, 87813050352.7644], "Cumulated discount factor": [0.0, 0.9230659765865012, 0.8520507971315913, 0.7864991011555792, 0.7259905608925802, 0.6701371860828913, 0.6189247081782736, 0.5719438795916165, 0.528823372135588, 0.4892261106202061, 0.45284597451291103, 0.0], "PV FCFF": [0.0, 58595439140.42632, 55433642070.69633, 52681268844.254326, 50265217499.12919, 49259720907.52277, 50865682978.651924, 51894346092.58362, 52298700618.34355, 52053307055.006836, 51156473378.015564, 0.0], "Price Target USD": [187.57310390483033, 203.47679280473415, 220.72890168255364, 239.443758506365, 259.74538472587363, 281.76831714992755, 305.65849950824423, 331.5742496056405, 359.68730847799714, 390.1839785026088, 423.2663580050597, 459.1536805442398], "Price Target Local": [187.57310390483033, 203.47679280473415, 220.72890168255364, 239.443758506365, 259.74538472587363, 281.76831714992755, 305.65849950824423, 331.5742496056405, 359.68730847799714, 390.1839785026088, 423.2663580050597, 459.1536805442398], "Terminal cash flow": 87813050352.7644, "Terminal cost of capital": 8.033666667, "Terminal value": 1951401118950.3198, "PV(Terminal value)": 883684141376.6426, "PV (CF over next 10 years)": 524503798584.63043, "Sum of PV": 1408187939961.273, "Value of operating assets": 1408187939961.273, "Debt": 88374000000, "Minority Interests": 0, "Cash Marketable": 80982000000, "Non-operating assets": 0, "Value of equity": 1400795939961.273, "Value of equity in common stock": 1400795939961.273, "Number of shares": 7468000000, "Estimated value /share": 187.57310390483033, "Estimated value /share (Local Currency)": 187.57310390483033, "Current price": 407.84, "Valuation": 54.00816400921185}, "2022Q1": {"Date": [2021, 2022, 2023, 2024, 2025, 2026, 2027, 2028, 2029, 2030, 2031, "Terminal"], "revenueGrowth": [0.0, 6.758176176289989, 8.932504702742017, 11.106833229194047, 13.281161755646076, 13.281161755646076, 11.004929404516862, 8.728697053387647, 6.452464702258432, 4.176232351129217, 1.9000000000000017, 1.9], "Revenues": [176251000000.0, 188162353092.47287, 204969964131.24808, 227735636217.2447, 257981574438.50668, 292244524639.44727, 324405828264.58435, 352722230237.33295, 375481507640.4156, 391162487835.0024, 398594575103.8675, 406167872030.84094], "operatingMargin": [39.553629010142735, 38.69160101107695, 37.82957301201116, 36.96754501294537, 36.105517013879584, 35.2434890148138, 35.2434890148138, 35.2434890148138, 35.2434890148138, 35.2434890148138, 35.2434890148138, 35.2434890148138], "OperatingIncome": [69713666666.66667, 72803026911.59341, 77539262233.72357, 84188273829.12746, 93145581251.56946, 102997166937.6984, 114331932447.84448, 124311620466.50066, 132332783897.90709, 137859308430.20142, 140478635290.37527, 143147729360.89236], "Effective_tax_rate": [10.0911234139493, 10.0911234139493, 10.0911234139493, 10.0911234139493, 10.0911234139493, 10.0911234139493, 13.47289873115944, 16.85467404836958, 20.236449365579723, 23.618224682789865, 27.000000000000007, 27.0], "EBIT(1-t)": [62678774526.94411, 65456383616.853806, 69714679587.45274, 75692731216.95662, 83746145692.83316, 92603595709.14386, 98928106971.76877, 103359302032.62569, 105553327090.34508, 105299387219.01617, 102549403761.97395, 104497842433.45142], "Reinvestment": [7817488753.767957, 7817488753.767957, 11030930680.441553, 14941240018.878483, 19850581210.73532, 22486969010.76897, 21107646414.65509, 18584215600.914455, 14937043152.126587, 10291516452.20776, 4877721127.928804, 22308528159.950302], "Invested Capital": [115674533333.33334, 123492022087.1013, 131309510840.86926, 142340441521.31082, 157281681540.1893, 177132262750.92462, 199619231761.6936, 220726878176.3487, 239311093777.26315, 254248136929.38974, 264539653381.5975, 269417374509.5263], "cost_to_capital": [0.0, 7.026137837216024, 7.026137837216024, 7.026137837216024, 7.026137837216024, 7.026137837216024, 6.900910269772819, 6.775682702329614, 6.650455134886409, 6.525227567443204, 6.399999999999999, 6.4], "ROIC": [54.185457006622116, 53.00454435079713, 53.09187365105505, 53.177249141540784, 53.24596283098231, 52.2793500579614, 49.5584048183642, 46.826785612419734, 44.107160025179596, 41.41599167283579, 38.76522950381538, 8.9], "FCFF": [54861285773.17615, 57638894863.085846, 58683748907.01119, 60751491198.07814, 63895564482.09784, 70116626698.3749, 77820460557.11368, 84775086431.71123, 90616283938.21849, 95007870766.80841, 97671682634.04515, 82189314273.50111], "Cumulated discount factor": [0.0, 0.9343511970141107, 0.8730121593617016, 0.8156999561074795, 0.762150230393381, 0.7121159800726359, 0.6661458525241324, 0.6238741215836764, 0.584970894680787, 0.5491383665999967, 0.516107487406012, 0.0], "PV FCFF": [0.0, 53854970409.89474, 51231626352.74974, 49554988703.73627, 48698019191.146, 49931170340.700386, 51839777041.63911, 52888982579.764084, 53007888687.9879, 52172466967.02875, 50409086714.97446, 0.0], "Price Target USD": [201.33061523237654, 215.77956372559876, 231.26547379726162, 247.86276534827806, 265.65119919263543, 284.7162603601426, 305.1495689077687, 327.04932021379, 350.5207568706451, 375.6766744442519, 402.63796353028994, 431.53419071238164], "Price Target Local": [201.33061523237654, 215.77956372559876, 231.26547379726162, 247.86276534827806, 265.65119919263543, 284.7162603601426, 305.1495689077687, 327.04932021379, 350.5207568706451, 375.6766744442519, 402.63796353028994, 431.53419071238164], "Terminal cash flow": 82189314273.50111, "Terminal cost of capital": 6.4, "Terminal value": 1826429206077.8025, "PV(Terminal value)": 942633788473.7719, "PV (CF over next 10 years)": 513588976989.62146, "Sum of PV": 1456222765463.3933, "Value of operating assets": 1456222765463.3933, "Debt": 63338000000, "Minority Interests": 0, "Cash Marketable": 130584000000, "Non-operating assets": 0, "Value of equity": 1523468765463.3933, "Value of equity in common stock": 1523468765463.3933, "Number of shares": 7567000000, "Estimated value /share": 201.33061523237654, "Estimated value /share (Local Currency)": 201.33061523237654, "Current price": 303.41, "Valuation": 33.64404098995533}, "2022Q2": {"Date": [2021, 2022, 2023, 2024, 2025, 2026, 2027, 2028, 2029, 2030, 2031, "Terminal"], "revenueGrowth": [0.0, 6.758176176289989, 8.932504702742017, 11.106833229194047, 13.281161755646076, 13.281161755646076, 11.20832940451686, 9.135497053387645, 7.06266470225843, 4.989832351129214, 2.916999999999999, 2.917], "Revenues": [184903000000.0, 197399070495.24548, 215031751750.40234, 238914969807.1341, 270645653405.67258, 306590540419.1052, 340954218112.36694, 372102080661.42316, 398382402968.6667, 418261016993.2032, 430461690858.8949, 443018258381.24884], "operatingMargin": [40.159615221674784, 39.17638998030259, 38.19316473893039, 37.209939497558196, 36.226714256186, 35.2434890148138, 35.2434890148138, 35.2434890148138, 35.2434890148138, 35.2434890148138, 35.2434890148138, 35.2434890148138], "OperatingIncome": [74256333333.33333, 77333829674.7098, 82127431187.039, 88900115715.84402, 98046027506.06053, 108053203433.0656, 120164162405.9763, 131141755921.80223, 140403858427.21326, 147409775577.24802, 151709718730.83633, 156135091226.2148], "Effective_tax_rate": [10.661395582329316, 10.661395582329316, 10.661395582329316, 10.661395582329316, 10.661395582329316, 10.661395582329316, 13.929116465863453, 17.19683734939759, 20.464558232931726, 23.73227911646586, 26.999999999999996, 27.0], "EBIT(1-t)": [66339571891.7336, 69088964174.1242, 73371500866.58348, 79422122706.22939, 87592952660.88, 96533223975.68744, 103426356274.21855, 108589521458.78592, 111670829058.09317, 112426076192.29959, 110748094673.51053, 113978616595.13681], "Reinvestment": [8828705644.124662, 8828705644.124662, 12457816445.392605, 16873936661.733387, 22418316660.8206, 25395729559.437145, 24278575838.605694, 22006542776.299335, 18567535288.125645, 14044609615.684896, 8620002444.859816, 33525826823.43593], "Invested Capital": [130637400000.0, 139466105644.12466, 148294811288.24933, 160752627733.64194, 177626564395.37534, 200044881056.19592, 225440610615.63306, 249719186454.23874, 271725729230.5381, 290293264518.66376, 304337874134.34863, 312957876579.20844], "cost_to_capital": [0.0, 7.371237996709457, 7.371237996709457, 7.371237996709457, 7.371237996709457, 7.371237996709457, 7.380390397367566, 7.3895427980256745, 7.398695198683783, 7.407847599341892, 7.417000000000001, 7.417], "ROIC": [50.78145453884845, 49.53817549793665, 49.47678224827906, 49.40642266689872, 49.312980273552235, 48.255783135270356, 45.877429089542446, 43.48465290178456, 41.09689184543477, 38.728448067409914, 36.38984960006038, 9.917], "FCFF": [57510866247.60893, 60260258529.99954, 60913684421.19087, 62548186044.496, 65174636000.0594, 71137494416.25029, 79147780435.61285, 86582978682.48659, 93103293769.96753, 98381466576.6147, 102128092228.65071, 80452789771.70088], "Cumulated discount factor": [0.0, 0.9313481139433694, 0.8674093093458713, 0.807860024276198, 0.7523989099398816, 0.7007453057055557, 0.6525821922535443, 0.6076775962077583, 0.565814691774026, 0.5267908299258134, 0.4904166285837562, 0.0], "PV FCFF": [0.0, 56123278127.65491, 52837096933.497536, 50530179096.338684, 49037325082.173256, 49849265271.842575, 51650432068.67442, 52614536358.28103, 52679211467.60077, 51826454427.21353, 50085314674.46579, 0.0], "Price Target USD": [192.63487058708336, 207.10777266625527, 222.66804222959516, 239.39737457491944, 257.38360287135527, 276.7211593053946, 297.5115708734363, 319.86399242384994, 343.89577974716633, 369.7331057232606, 397.51162276045415, 427.3771750045064], "Price Target Local": [192.63487058708336, 207.10777266625527, 222.66804222959516, 239.39737457491944, 257.38360287135527, 276.7211593053946, 297.5115708734363, 319.86399242384994, 343.89577974716633, 369.7331057232606, 397.51162276045415, 427.3771750045064], "Terminal cash flow": 80452789771.70088, "Terminal cost of capital": 7.417, "Terminal value": 1787839772704.464, "PV(Terminal value)": 876786353777.6722, "PV (CF over next 10 years)": 517233093507.74255, "Sum of PV": 1394019447285.4148, "Value of operating assets": 1394019447285.4148, "Debt": 64032000000, "Minority Interests": 0, "Cash Marketable": 125369000000, "Non-operating assets": 0, "Value of equity": 1455356447285.4148, "Value of equity in common stock": 1455356447285.4148, "Number of shares": 7555000000, "Estimated value /share": 192.63487058708336, "Estimated value /share (Local Currency)": 192.63487058708336, "Current price": 282.78, "Valuation": 31.878184246734786}, "2022Q3": {"Date": [2021, 2022, 2023, 2024, 2025, 2026, 2027, 2028, 2029, 2030, 2031, "Terminal"], "revenueGrowth": [0.0, 6.758176176289989, 8.932504702742017, 11.106833229194047, 13.281161755646076, 13.281161755646076, 11.243696071116862, 9.206230386587647, 7.168764702058432, 5.1312990175292175, 3.0938333330000023, 3.093833333], "Revenues": [192557000000.0, 205570341299.77872, 223932921703.82428, 248804777862.72974, 281848942866.4548, 319281756875.12714, 355180827228.6887, 387879592472.3497, 415685767783.99554, 437015847502.3045, 450536389462.82324, 464475234457.3187], "operatingMargin": [40.47269120312427, 39.42685076546218, 38.381010327800084, 37.33516989013799, 36.2893294524759, 35.2434890148138, 35.2434890148138, 35.2434890148138, 35.2434890148138, 35.2434890148138, 35.2434890148138, 35.2434890148138], "OperatingIncome": [77933000000.0, 81049911682.31502, 85947717806.48927, 92891686509.8306, 102281091435.12834, 112526030910.58992, 125178115827.06767, 136702301563.69707, 146502167905.09686, 154019632207.4701, 158784742928.06882, 163697278232.49573], "Effective_tax_rate": [12.316963961565456, 12.316963961565456, 12.316963961565456, 12.316963961565456, 12.316963961565456, 12.316963961565456, 15.253571169252364, 18.190178376939272, 21.12678558462618, 24.06339279231309, 26.999999999999996, 27.0], "EBIT(1-t)": [68334020475.8332, 71067023269.52365, 75361568378.47601, 81450250959.1244, 89683166263.56778, 98666240235.95256, 106083982841.05675, 111835909063.87914, 115550969014.95801, 116957283132.11061, 115912862337.49023, 119499013109.72188], "Reinvestment": [10322780705.924932, 10322780705.924932, 14566043135.216934, 19729499977.231464, 26212151136.745564, 29693429328.851173, 28476793336.134872, 25938164164.692406, 22057136856.735256, 16920000044.550016, 10725115592.416267, 36627316681.6377], "Invested Capital": [152745066666.6667, 163067847372.5916, 173390628078.51654, 187956671213.73346, 207686171190.96494, 233898322327.7105, 263591751656.56168, 292068544992.69653, 318006709157.3889, 340063846014.12415, 356983846058.67413, 367708961651.0904], "cost_to_capital": [0.0, 8.062005937401471, 8.062005937401471, 8.062005937401471, 8.062005937401471, 8.062005937401471, 7.968371416521177, 7.874736895640883, 7.7811023747605885, 7.687467853880294, 7.593833333, 7.593833333], "ROIC": [44.7373011561529, 43.58126044746487, 43.46346121103501, 43.33458899498379, 43.18205961874331, 42.18338945489021, 40.24556237984086, 38.29098031308907, 36.33601609259418, 34.39274256965644, 32.47005813210907, 10.093833333], "FCFF": [58011239769.908264, 60744242563.59872, 60795525243.25908, 61720750981.892944, 63471015126.82222, 68972810907.10138, 77607189504.92188, 85897744899.18674, 93493832158.22275, 100037283087.5606, 105187746745.07397, 82871696428.08417], "Cumulated discount factor": [0.0, 0.9253946299861243, 0.8563552212071559, 0.7924665230656817, 0.7333442648887569, 0.6786328446591775, 0.6285478198435935, 0.5826645217699646, 0.5405998908268811, 0.5020081738391452, 0.4665770874483518, 0.0], "PV FCFF": [0.0, 56212395870.92882, 52062565468.09636, 48911628931.62346, 46546104929.922615, 46807214870.02576, 48779829767.507256, 50049568452.80306, 50542755457.72196, 50219533798.6159, 49078192511.571465, 0.0], "Price Target USD": [186.06742855784515, 201.36611828121823, 217.92268483486782, 235.84055237790534, 255.23164872928427, 276.21710454902956, 298.9280100069958, 323.5062336658489, 350.10530869360014, 378.8913919416094, 410.0443018791463, 443.75864186818944], "Price Target Local": [186.06742855784515, 201.36611828121823, 217.92268483486782, 235.84055237790534, 255.23164872928427, 276.21710454902956, 298.9280100069958, 323.5062336658489, 350.10530869360014, 378.8913919416094, 410.0443018791463, 443.75864186818944], "Terminal cash flow": 82871696428.08417, "Terminal cost of capital": 7.593833333, "Terminal value": 1841593253957.426, "PV(Terminal value)": 859245216695.9888, "PV (CF over next 10 years)": 499209790058.81665, "Sum of PV": 1358455006754.8054, "Value of operating assets": 1358455006754.8054, "Debt": 61283000000, "Minority Interests": 0, "Cash Marketable": 104660000000, "Non-operating assets": 0, "Value of equity": 1401832006754.8054, "Value of equity in common stock": 1401832006754.8054, "Number of shares": 7534000000, "Estimated value /share": 186.06742855784515, "Estimated value /share (Local Currency)": 186.06742855784515, "Current price": 265.42, "Valuation": 29.89698268485979}, "2022Q4": {"Date": [2022, 2023, 2024, 2025, 2026, 2027, 2028, 2029, 2030, 2031, 2032, "Terminal"], "revenueGrowth": [0.0, 7.990338885145296, 8.925045896854504, 9.859752908563713, 10.79445992027292, 10.79445992027292, 9.405401269618336, 8.016342618963751, 6.627283968309167, 5.238225317654583, 3.8491666669999995, 3.849166667], "Revenues": [198270000000.0, 214112444907.57758, 233222078886.45618, 256217199592.87628, 283874462511.775, 314517177591.4988, 344098780205.85736, 371682917374.8339, 396315399770.9601, 417075293379.5265, 433129216548.5837, 449801081977.00995], "operatingMargin": [40.191153477581075, 39.20162058502762, 38.212087692474164, 37.22255479992071, 36.23302190736725, 35.2434890148138, 35.2434890148138, 35.2434890148138, 35.2434890148138, 35.2434890148138, 35.2434890148138, 35.2434890148138], "OperatingIncome": [79687000000.0, 83935548277.99486, 89119025302.3039, 95370587525.2806, 102856296191.31248, 110846826934.16226, 121272415801.95961, 130994028154.93903, 139675374382.2937, 146991885205.71582, 152649847854.24915, 158525594915.0811], "Effective_tax_rate": [13.113383343685795, 13.113383343685795, 13.113383343685795, 13.113383343685795, 13.113383343685795, 13.113383343685795, 15.890706674948635, 18.668030006211477, 21.44535333747432, 24.22267666873716, 27.000000000000004, 27.0], "EBIT(1-t)": [69237338214.9171, 72928758070.67694, 77432505882.25645, 82864276785.96516, 89368355778.62878, 96311057593.97362, 102001371929.24615, 106540023672.6299, 109721496820.57074, 111386516123.05399, 111434388933.60187, 115723684288.00919], "Reinvestment": [12598942624.608316, 12598942624.608316, 15197223880.639717, 18287215648.612217, 21994854373.913254, 24369080113.8277, 23525214463.835884, 21936700021.28487, 19589352162.55845, 16509617675.375229, 12767123893.236818, 41057508084.813034], "Invested Capital": [157677200000.0, 170276142624.6083, 182875085249.2166, 198072309129.85632, 216359524778.46854, 238354379152.38177, 262723459266.20947, 286248673730.04535, 308185373751.3302, 327774725913.8887, 344284343589.2639, 357051467482.50073], "cost_to_capital": [0.0, 10.162812704963763, 10.162812704963763, 10.162812704963763, 10.162812704963763, 10.162812704963763, 9.800083497371011, 9.43735428977826, 9.074625082185507, 8.711895874592756, 8.349166667000004, 8.349166667], "ROIC": [43.9108115916043, 42.82969824578189, 42.34174697812651, 41.835366664827085, 41.30548718395154, 40.406665879799604, 38.824615134916954, 37.21939469075248, 35.6024348219404, 33.98264335741277, 32.36696382178351, 10.849166667], "FCFF": [56638395590.308784, 60329815446.06863, 62235282001.61674, 64577061137.35295, 67373501404.71553, 71941977480.14592, 78476157465.41028, 84603323651.34503, 90132144658.0123, 94876898447.67876, 98667265040.36505, 74666176203.19615], "Cumulated discount factor": [0.0, 0.9077473381858756, 0.8240052299835424, 0.7479885541688008, 0.6789846190402306, 0.6163464806029201, 0.5613351656674083, 0.5129283043347828, 0.4702544738964739, 0.4325694719177259, 0.3992365471966975, 0.0], "PV FCFF": [0.0, 54764229384.41392, 51282197858.83282, 48302902592.59889, 45745571184.68721, 44341184627.50247, 44051426851.7877, 43395439341.57123, 42385044267.31445, 41040849858.70411, 39391578216.05676, 0.0], "Price Target USD": [154.625634212631, 170.6387027425133, 188.31008856919058, 207.81152743785862, 229.3325400895248, 253.08227407952805, 279.29153633523543, 308.2150362059115, 340.1338608033807, 375.35820668957564, 414.2303944583156, 457.1281955079124], "Price Target Local": [154.625634212631, 170.6387027425133, 188.31008856919058, 207.81152743785862, 229.3325400895248, 253.08227407952805, 279.29153633523543, 308.2150362059115, 340.1338608033807, 375.35820668957564, 414.2303944583156, 457.1281955079124], "Terminal cash flow": 74666176203.19615, "Terminal cost of capital": 8.349166667, "Terminal value": 1659248360071.0254, "PV(Terminal value)": 662432586216.5388, "PV (CF over next 10 years)": 454700424183.46954, "Sum of PV": 1117133010400.0083, "Value of operating assets": 1117133010400.0083, "Debt": 61270000000, "Minority Interests": 0, "Cash Marketable": 104757000000, "Non-operating assets": 0, "Value of equity": 1160620010400.0083, "Value of equity in common stock": 1160620010400.0083, "Number of shares": 7506000000, "Estimated value /share": 154.625634212631, "Estimated value /share (Local Currency)": 154.625634212631, "Current price": 272.13, "Valuation": 43.17949722094917}, "2017Q1": {"Date": [2016, 2017, 2018, 2019, 2020, 2021, 2022, 2023, 2024, 2025, 2026, "Terminal"], "revenueGrowth": [0.0, 4.480335660543647, 7.413944358911124, 10.347553057278601, 13.281161755646078, 13.281161755646076, 11.113762737916861, 8.946363720187646, 6.778964702458431, 4.611565684729216, 2.4441666670000006, 2.444166667], "Revenues": [86869000000.0, 90761022784.95766, 97489994513.81306, 107577823421.66786, 121865408163.5029, 138050550145.87604, 153393160747.47766, 167116270829.8391, 178445023841.45874, 186674133327.03833, 191236760269.72894, 195910905419.29236], "operatingMargin": [19.024815143108206, 19.024815143108206, 19.024815143108206, 19.024815143108206, 19.024815143108206, 19.024815143108206, 19.024815143108206, 19.024815143108206, 19.024815143108206, 19.024815143108206, 19.024815143108206, 19.024815143108206], "OperatingIncome": [16526666666.666668, 17267116806.83251, 18547291239.279266, 20466482040.951675, 23184668626.500725, 26263861969.296814, 29182765274.378445, 31793561599.432953, 33948835917.91289, 35514408785.46839, 36382440126.98493, 37271687601.20993], "Effective_tax_rate": [15.319736236773501, 15.319736236773501, 15.319736236773501, 15.319736236773501, 15.319736236773501, 15.319736236773501, 17.655788989418802, 19.991841742064103, 22.327894494709405, 24.663947247354706, 27.000000000000007, 27.0], "EBIT(1-t)": [13994824924.602568, 14621840056.330185, 15705895142.355484, 17331070975.33126, 19632838545.55084, 22240307590.010277, 24030317816.2568, 25437443080.308655, 26368775651.97929, 26755153737.410564, 26559181292.699, 27208331948.883247], "Reinvestment": [1126024840.2217915, 1126024840.2217915, 1946799835.0692587, 2918571283.30649, 4133628248.0820923, 4682622102.086949, 4438864211.695921, 3970316642.944634, 3277590601.2482185, 2380813835.283906, 1320041417.5352094, 7041563364.876137], "Invested Capital": [25132600000.0, 26258624840.22179, 27384649680.44358, 29331449515.51284, 32250020798.81933, 36383649046.90142, 41066271148.98837, 45505135360.684296, 49475452003.62893, 52753042604.87715, 55133856440.16106, 56453897857.696266], "cost_to_capital": [0.0, 8.694883672382677, 8.694883672382677, 8.694883672382677, 8.694883672382677, 8.694883672382677, 8.344740271306142, 7.994596870229606, 7.644453469153071, 7.294310068076535, 6.944166666999999, 6.944166667], "ROIC": [55.68395201691256, 55.68395201691256, 57.352916051986824, 59.08699113613595, 60.876979484830585, 61.12720458945926, 58.51594786649814, 55.90015913299797, 53.29668468727722, 50.71774520724418, 48.172181319340005, 9.444166667000001], "FCFF": [12868800084.380775, 13495815216.108393, 13759095307.286224, 14412499692.02477, 15499210297.468746, 17557685487.92333, 19591453604.560883, 21467126437.36402, 23091185050.73107, 24374339902.12666, 25239139875.16379, 20166768584.00711], "Cumulated discount factor": [0.0, 0.9200065046429423, 0.8464119685853242, 0.778704516706136, 0.7164132205644839, 0.6591048229315241, 0.6083403968490387, 0.5633063268711892, 0.5233026957887913, 0.48772641853679294, 0.45605705644092115, 0.0], "PV FCFF": [0.0, 12416237784.278917, 11645862944.993229, 11223078607.205484, 11103839165.415796, 11572355184.605095, 11918272660.648098, 12092568141.910925, 12083679386.005407, 11888009504.66268, 11510487838.567877, 0.0], "Price Target USD": [48.765686821202905, 53.54495779792879, 58.79262023098177, 64.55457872745122, 70.88123676588019, 77.82793760722498, 85.45544841720127, 93.83049183494003, 103.02632963791885, 113.1234036088531, 124.21003921061336, 136.3832182246565], "Price Target Local": [48.765686821202905, 53.54495779792879, 58.79262023098177, 64.55457872745122, 70.88123676588019, 77.82793760722498, 85.45544841720127, 93.83049183494003, 103.02632963791885, 113.1234036088531, 124.21003921061336, 136.3832182246565], "Terminal cash flow": 20166768584.00711, "Terminal cost of capital": 6.944166667, "Terminal value": 448150412977.9358, "PV(Terminal value)": 204382158185.50058, "PV (CF over next 10 years)": 117454391218.29349, "Sum of PV": 321836549403.79407, "Value of operating assets": 321836549403.79407, "Debt": 74690000000, "Minority Interests": 0, "Cash Marketable": 136932000000, "Non-operating assets": 0, "Value of equity": 384078549403.79407, "Value of equity in common stock": 384078549403.79407, "Number of shares": 7876000000, "Estimated value /share": 48.765686821202905, "Estimated value /share (Local Currency)": 48.765686821202905, "Current price": 51.83, "Valuation": 5.912238431018895}, "2017Q2": {"Date": [2016, 2017, 2018, 2019, 2020, 2021, 2022, 2023, 2024, 2025, 2026, "Terminal"], "revenueGrowth": [0.0, 4.480335660543647, 7.413944358911124, 10.347553057278601, 13.281161755646078, 13.281161755646076, 11.077929404516862, 8.874697053387646, 6.67146470225843, 4.468232351129215, 2.2649999999999997, 2.265], "Revenues": [88899000000.0, 92881973598.8667, 99768191440.94519, 110091757984.58427, 124713222442.15132, 141276587245.37216, 156927107845.52518, 170853913261.45844, 182252371777.12387, 190395831213.5696, 194708296790.55698, 199118439712.8631], "operatingMargin": [20.618154684904592, 20.618154684904592, 20.618154684904592, 20.618154684904592, 20.618154684904592, 20.618154684904592, 20.618154684904592, 20.618154684904592, 20.618154684904592, 20.618154684904592, 20.618154684904592, 20.618154684904592], "OperatingIncome": [18329333333.333332, 19150548991.00658, 20570360037.62582, 22698888956.59239, 25713565115.651905, 29128625291.805023, 32355473838.13743, 35226924121.46022, 37577075929.914795, 39256106993.22364, 40145257816.620155, 41054547906.1666], "Effective_tax_rate": [16.456579144038663, 16.456579144038663, 16.456579144038663, 16.456579144038663, 16.456579144038663, 16.456579144038663, 18.56526331523093, 20.673947486423195, 22.78263165761546, 24.891315828807727, 26.999999999999993, 27.0], "EBIT(1-t)": [15312952086.758673, 15999023739.783686, 17185182457.820225, 18963428330.63331, 21481991921.64073, 24335050017.088665, 26348594923.19656, 27944128327.50739, 29016029133.099827, 29484745419.445667, 29306038206.132717, 29969819971.50162], "Reinvestment": [2154393297.4959373, 2154393297.4959373, 3724760206.3674517, 5584024602.673169, 7908760689.732043, 8959135989.802315, 8465377900.793911, 7533019112.19143, 6165434446.997689, 4404803093.171572, 2332615746.533466, 7326674823.038443], "Invested Capital": [48085533333.33334, 50239926630.829285, 52394319928.325226, 56119080134.69268, 61703104737.36585, 69611865427.0979, 78571001416.9002, 87036379317.69412, 94569398429.88556, 100734832876.88326, 105139635970.05482, 107472251716.58829], "cost_to_capital": [0.0, 8.03782255285081, 8.03782255285081, 8.03782255285081, 8.03782255285081, 8.03782255285081, 7.783258042280648, 7.528693531710486, 7.274129021140324, 7.019564510570161, 6.764999999999999, 6.765000000000001], "ROIC": [31.84523707080023, 31.84523707080023, 32.799705161416995, 33.791409775639146, 34.81509076905781, 34.958192641129436, 33.53475766891412, 32.106262400355234, 30.682260450892603, 29.269662317781897, 27.873444620332783, 9.265], "FCFF": [13158558789.262735, 13844630442.287748, 13460422251.452774, 13379403727.96014, 13573231231.908688, 15375914027.28635, 17883217022.40265, 20411109215.31596, 22850594686.10214, 25079942326.274094, 26973422459.59925, 22643145148.46318], "Cumulated discount factor": [0.0, 0.9256017720190648, 0.8567386403648328, 0.7929988036788935, 0.7340010978941823, 0.6793927168747942, 0.63033232546031, 0.5861991853127309, 0.546449727125922, 0.5106073171059765, 0.4782534698693172, 0.0], "PV FCFF": [0.0, 12814614470.33063, 11532063858.446192, 10609851150.20932, 9962766626.192581, 10446284005.431332, 11272369772.442463, 11964975593.34739, 12486701230.885557, 12806002064.391438, 12900132885.554314, 0.0], "Price Target USD": [50.479543098006296, 55.063802994938634, 60.06437883914134, 65.51907803504793, 71.4691414367096, 77.9595551538146, 85.03939067412524, 92.7621758738659, 101.18629972112677, 110.37545373208805, 120.399113517743, 131.33306406190695], "Price Target Local": [50.479543098006296, 55.063802994938634, 60.06437883914134, 65.51907803504793, 71.4691414367096, 77.9595551538146, 85.03939067412524, 92.7621758738659, 101.18629972112677, 110.37545373208805, 120.399113517743, 131.33306406190695], "Terminal cash flow": 22643145148.46318, "Terminal cost of capital": 6.765000000000001, "Terminal value": 503181003299.1818, "PV(Terminal value)": 240648060800.15805, "PV (CF over next 10 years)": 116795761657.2312, "Sum of PV": 357443822457.3893, "Value of operating assets": 357443822457.3893, "Debt": 84970000000, "Minority Interests": 0, "Cash Marketable": 122781000000, "Non-operating assets": 0, "Value of equity": 395254822457.3893, "Value of equity in common stock": 395254822457.3893, "Number of shares": 7830000000, "Estimated value /share": 50.479543098006296, "Estimated value /share (Local Currency)": 50.479543098006296, "Current price": 58.57, "Valuation": 13.813312108577266}, "2017Q3": {"Date": [2016, 2017, 2018, 2019, 2020, 2021, 2022, 2023, 2024, 2025, 2026, "Terminal"], "revenueGrowth": [0.0, 4.480335660543647, 7.413944358911124, 10.347553057278601, 13.281161755646078, 13.281161755646076, 11.071962737916861, 8.862763720187646, 6.65356470245843, 4.444365684729215, 2.2351666669999997, 2.235166667], "Revenues": [91580000000.0, 95683091397.92587, 102776982555.05417, 113411885355.60837, 128474301299.8146, 145537181069.87912, 161651003527.75073, 175977750021.72748, 187686543481.35367, 196028019814.69333, 200409572771.57153, 204889060739.63882], "operatingMargin": [21.737642862342575, 21.737642862342575, 21.737642862342575, 21.737642862342575, 21.737642862342575, 21.737642862342575, 21.737642862342575, 21.737642862342575, 21.737642862342575, 21.737642862342575, 21.737642862342575, 21.737642862342575], "OperatingIncome": [19907333333.333332, 20799248687.729958, 22341293412.509808, 24653070602.051548, 27927284786.443645, 31636352652.89117, 35139117830.25526, 38253414816.9091, 40798630522.65197, 42611870857.44018, 43564317191.03077, 44538052287.59084], "Effective_tax_rate": [14.977805355352967, 14.977805355352967, 14.977805355352967, 14.977805355352967, 14.977805355352967, 14.977805355352967, 17.382244284282372, 19.786683213211777, 22.191122142141182, 24.595561071070588, 26.999999999999993, 27.0], "EBIT(1-t)": [16925651695.225365, 17683977703.905956, 18995057971.315792, 20960581673.158524, 23744390430.095013, 26897921331.008087, 29031150529.658466, 30684332808.851482, 31744956591.049377, 32131242137.172745, 31801951549.452465, 32512778169.941315], "Reinvestment": [2021482646.6806886, 2021482646.6806886, 3494969153.947058, 5239530240.862688, 7420846745.868545, 8406421405.8259535, 7938846423.637359, 7058402217.315318, 5768607251.636538, 4109620776.1951537, 2158673158.565055, 7868994749.893894], "Invested Capital": [45119000000.0, 47140482646.68069, 49161965293.361374, 52656934447.30843, 57896464688.17112, 65317311434.039665, 73723732839.86562, 81662579263.50298, 88720981480.8183, 94489588732.45483, 98599209508.65, 100757882667.21504], "cost_to_capital": [0.0, 7.7071047909064845, 7.7071047909064845, 7.7071047909064845, 7.7071047909064845, 7.7071047909064845, 7.512717166125188, 7.318329541343891, 7.123941916562594, 6.929554291781297, 6.7351666670000006, 6.735166667], "ROIC": [37.51335733333045, 37.51335733333045, 38.63771079526149, 39.80592849386797, 41.01181403386492, 41.18038654755532, 39.378297071197764, 37.574533018166704, 35.7806643492923, 34.00506084130775, 32.25375914059688, 9.235166667], "FCFF": [14904169048.544676, 15662495057.225267, 15500088817.368734, 15721051432.295835, 16323543684.226467, 18491499925.182133, 21092304106.021107, 23625930591.536163, 25976349339.41284, 28021621360.977592, 29643278390.88741, 24643783420.04742], "Cumulated discount factor": [0.0, 0.9284438588719991, 0.8620079990771286, 0.8003260330416999, 0.743057790472955, 0.6898874423516117, 0.6416798501014721, 0.5979219513049427, 0.558159026458022, 0.5219876115212821, 0.48904932443663707, 0.0], "PV FCFF": [0.0, 14541747350.49384, 13361200546.977798, 12581966728.05386, 12129336302.690077, 12757053588.628922, 13534506537.046288, 14126462520.686443, 14498933858.220154, 14626939205.170433, 14497025271.15065, 0.0], "Price Target USD": [57.14680196551993, 62.0807817066597, 67.44075477111205, 73.26350086228635, 79.5889751948238, 86.46058266406189, 93.92547568692977, 102.03487775803501, 110.84443494115739, 120.41459770805616, 130.8110357447378, 142.1050885715516], "Price Target Local": [57.14680196551993, 62.0807817066597, 67.44075477111205, 73.26350086228635, 79.5889751948238, 86.46058266406189, 93.92547568692977, 102.03487775803501, 110.84443494115739, 120.41459770805616, 130.8110357447378, 142.1050885715516], "Terminal cash flow": 24643783420.04742, "Terminal cost of capital": 6.735166667, "Terminal value": 547639631556.60956, "PV(Terminal value)": 267822791847.48874, "PV (CF over next 10 years)": 136655171909.11845, "Sum of PV": 404477963756.6072, "Value of operating assets": 404477963756.6072, "Debt": 84008000000, "Minority Interests": 0, "Cash Marketable": 126018000000, "Non-operating assets": 0, "Value of equity": 446487963756.6072, "Value of equity in common stock": 446487963756.6072, "Number of shares": 7813000000, "Estimated value /share": 57.14680196551993, "Estimated value /share (Local Currency)": 57.14680196551993, "Current price": 62.6, "Valuation": 8.711178968818011}, "2017Q4": {"Date": [2017, 2018, 2019, 2020, 2021, 2022, 2023, 2024, 2025, 2026, 2027, "Terminal"], "revenueGrowth": [0.0, 3.6806786401457816, 6.88083967864588, 10.081000717145978, 13.281161755646076, 13.281161755646076, 11.101662737916861, 8.922163720187646, 6.7426647024584305, 4.563165684729215, 2.383666667, 2.383666667], "Revenues": [96571000000.0, 100125468169.57518, 107014941111.81726, 117803118092.7529, 133448740759.84619, 151172283881.03418, 167954920990.71286, 182940134017.61606, 195275173860.652, 204185903585.05658, 209053014907.52634, 214036141940.2356], "operatingMargin": [27.040553927507567, 27.040553927507567, 27.040553927507567, 27.040553927507567, 27.040553927507567, 27.040553927507567, 27.040553927507567, 27.040553927507567, 27.040553927507567, 27.040553927507567, 27.040553927507567, 27.040553927507567], "OperatingIncome": [26113333333.333332, 27074481215.5634, 28937432861.83141, 31854615676.15627, 36085278710.74598, 40877822946.295876, 45415940984.39644, 49468025594.08808, 52803488694.82376, 55212999371.28583, 56529093233.15009, 57876558385.70605], "Effective_tax_rate": [8.402090803058448, 8.402090803058448, 8.402090803058448, 8.402090803058448, 8.402090803058448, 8.402090803058448, 12.121672642446757, 15.841254481835067, 19.560836321223377, 23.28041816061169, 27.0, 27.0], "EBIT(1-t)": [23919267354.961334, 24799658719.37476, 26506083476.70626, 29178161942.08033, 33053360826.932384, 37443231144.03464, 39910769290.78109, 41631669772.58929, 42474684699.333595, 42359182238.63459, 41266238060.19957, 42249887621.565414], "Reinvestment": [1592136436.6532989, 1592136436.6532989, 3085969652.1045527, 4832298064.569493, 7008071175.211893, 7938824443.942595, 7517368779.431991, 6712256948.975788, 5525177169.898508, 3991341825.151223, 2180102594.2730765, 10732440993.68874], "Invested Capital": [43256600000.0, 44848736436.6533, 46440872873.306595, 49526842525.41115, 54359140589.980644, 61367211765.192535, 69306036209.13513, 76823404988.56712, 83535661937.54291, 89060839107.44142, 93052180932.59265, 95232283526.86572], "cost_to_capital": [0.0, 7.497978660023457, 7.497978660023457, 7.497978660023457, 7.497978660023457, 7.497978660023457, 7.375116261418766, 7.252253862814075, 7.129391464209384, 7.006529065604693, 6.883666667000002, 6.883666667], "ROIC": [55.296226136500174, 55.29622613650018, 57.07490371470062, 58.91383430532574, 60.805525010497874, 61.01504381085866, 57.58628176389708, 54.19138839105728, 50.84617002387631, 47.56207404191782, 44.34741630622606, 9.383666667], "FCFF": [22327130918.308037, 23207522282.721462, 23420113824.601707, 24345863877.510838, 26045289651.72049, 29504406700.09204, 32393400511.3491, 34919412823.613495, 36949507529.43509, 38367840413.48337, 39086135465.92649, 31517446627.876675], "Cumulated discount factor": [0.0, 0.930250049782454, 0.865365155120258, 0.8050059786306211, 0.7488568516963083, 0.6966241235704226, 0.6487761297267424, 0.6049067561382806, 0.5646506041625117, 0.5276786464275743, 0.49369437153721213, 0.0], "PV FCFF": [0.0, 21588798758.82905, 20266950432.760555, 19598565976.323498, 19504193610.105846, 20553481458.916924, 21016065012.441345, 21122988737.385517, 20863561750.002796, 20245890095.736088, 19296605084.66892, 0.0], "Price Target USD": [76.43115138406318, 82.81251631044101, 89.72667208958225, 97.21810232273263, 105.33500462155963, 114.12960069710724, 123.6584723385972, 133.98292544366353, 145.16938444208137, 157.28981965059398, 170.42221030831058, 184.6510462717055], "Price Target Local": [76.43115138406318, 82.81251631044101, 89.72667208958225, 97.21810232273263, 105.33500462155963, 114.12960069710724, 123.6584723385972, 133.98292544366353, 145.16938444208137, 157.28981965059398, 170.42221030831058, 184.6510462717055], "Terminal cash flow": 31517446627.876675, "Terminal cost of capital": 6.883666667, "Terminal value": 700387702841.7039, "PV(Terminal value)": 345777466786.82666, "PV (CF over next 10 years)": 204057100917.17056, "Sum of PV": 549834567703.9972, "Value of operating assets": 549834567703.9972, "Debt": 86194000000, "Minority Interests": 0, "Cash Marketable": 132981000000, "Non-operating assets": 0, "Value of equity": 596621567703.9972, "Value of equity in common stock": 596621567703.9972, "Number of shares": 7806000000, "Estimated value /share": 76.43115138406318, "Estimated value /share (Local Currency)": 76.43115138406318, "Current price": 66.63, "Valuation": -14.709817475706425}, "2020Q1": {"Date": [2019, 2020, 2021, 2022, 2023, 2024, 2025, 2026, 2027, 2028, 2029, "Terminal"], "revenueGrowth": [0.0, 5.798152262164913, 8.292488759991967, 10.786825257819022, 13.281161755646076, 13.281161755646076, 10.88739607111686, 8.493630386587645, 6.099864702058429, 3.706099017529214, 1.3123333329999989, 1.312333333], "Revenues": [129814000000.0, 137340813377.60677, 148729784889.82632, 164773006892.22202, 186656776467.2199, 211446964877.70612, 234468033424.29733, 254382881558.0579, 269899893158.29697, 279902650446.949, 283575906228.7148, 287297367370.51105], "operatingMargin": [32.11620729145803, 32.11620729145803, 32.11620729145803, 32.11620729145803, 32.11620729145803, 32.11620729145803, 32.11620729145803, 32.11620729145803, 32.11620729145803, 32.11620729145803, 32.11620729145803, 32.11620729145803], "OperatingIncome": [41691333333.33333, 44108660320.12671, 47766366019.35625, 52918840453.87445, 59947077253.7658, 67908745551.62055, 75302239646.75244, 81698133555.17004, 86681609166.14241, 89894115431.82732, 91073825873.0447, 92269018047.61504], "Effective_tax_rate": [10.961367625073127, 10.961367625073127, 10.961367625073127, 10.961367625073127, 10.961367625073127, 10.961367625073127, 14.169094100058501, 17.376820575043876, 20.58454705002925, 23.792273525014625, 27.0, 27.0], "EBIT(1-t)": [37121393018.87201, 39273747907.94286, 42530519038.8366, 47118211808.799355, 53376057735.49394, 60465018302.13193, 64632594451.75253, 67501595474.12843, 68838592543.61536, 68506261605.39458, 66483892887.322624, 67356383174.75897], "Reinvestment": [3999453332.830958, 3999453332.830958, 6051652643.279216, 8524738755.6764555, 11628176596.223646, 13172533539.200277, 12232492650.597563, 10581968988.145176, 8245131192.5426445, 5315072789.584514, 1951824011.265046, 10634081104.47543], "Invested Capital": [68978066666.66666, 72977519999.49762, 76976973332.32858, 83028625975.6078, 91553364731.28426, 103181541327.5079, 116354074866.70818, 128586567517.30574, 139168536505.45093, 147413667697.99356, 152728740487.57806, 154680564498.8431], "cost_to_capital": [0.0, 7.09034134396954, 7.09034134396954, 7.09034134396954, 7.09034134396954, 7.09034134396954, 6.834739741775632, 6.579138139581723, 6.323536537387815, 6.0679349351939065, 5.812333332999998, 5.812333333], "ROIC": [53.8162271179032, 53.816227117903196, 55.25096297982757, 56.749357531993574, 58.300487253697916, 58.60061550176914, 55.54820020338242, 52.495059769787986, 49.46419231829681, 46.472123430063064, 43.53070199824634, 8.312333333], "FCFF": [33121939686.04105, 35274294575.11191, 36478866395.55739, 38593473053.1229, 41747881139.270294, 47292484762.93165, 52400101801.15497, 56919626485.98326, 60593461351.07271, 63191188815.81007, 64532068876.05758, 56722302070.28354], "Cumulated discount factor": [0.0, 0.9337910286307178, 0.8719656851512141, 0.8142337340680409, 0.7603241560812263, 0.7099838757998708, 0.6645627419657067, 0.6235392343812726, 0.5864545656473814, 0.5529046700170954, 0.5225332932381895, 0.0], "PV FCFF": [0.0, 32938819815.516697, 31808319730.141796, 31424107674.698574, 31741922495.39503, 33576901628.192543, 34823155332.25771, 35491620320.338005, 35535312057.71474, 34938703400.193436, 33720154469.28004, 0.0], "Price Target USD": [136.8523910142799, 147.18628484650912, 158.30050382281743, 170.25397126294934, 183.11005985962677, 196.93692765622285, 211.80787939452648, 227.80175514832504, 245.00334830319096, 263.5038550984407, 283.4013581145646, 304.80134626939264], "Price Target Local": [136.8523910142799, 147.18628484650912, 158.30050382281743, 170.25397126294934, 183.11005985962677, 196.93692765622285, 211.80787939452648, 227.80175514832504, 245.00334830319096, 263.5038550984407, 283.4013581145646, 304.80134626939264], "Terminal cash flow": 56722302070.28354, "Terminal cost of capital": 5.812333333, "Terminal value": 1260495601561.8564, "PV(Terminal value)": 658650917796.3696, "PV (CF over next 10 years)": 335999016923.7286, "Sum of PV": 994649934720.0981, "Value of operating assets": 994649934720.0981, "Debt": 76154000000, "Minority Interests": 0, "Cash Marketable": 136636000000, "Non-operating assets": 0, "Value of equity": 1055131934720.0981, "Value of equity in common stock": 1055131934720.0981, "Number of shares": 7710000000, "Estimated value /share": 136.8523910142799, "Estimated value /share (Local Currency)": 136.8523910142799, "Current price": 131.56, "Valuation": -4.022796453542035}, "2020Q2": {"Date": [2019, 2020, 2021, 2022, 2023, 2024, 2025, 2026, 2027, 2028, 2029, "Terminal"], "revenueGrowth": [0.0, 5.798152262164913, 8.292488759991967, 10.786825257819022, 13.281161755646076, 13.281161755646076, 10.76619607111686, 8.251230386587645, 5.736264702058429, 3.221299017529214, 0.706333332999999, 0.706333333], "Revenues": [134249000000.0, 142032961430.43378, 153811028792.5362, 170402355695.64078, 193033768191.01022, 218670895187.4772, 242213432513.82745, 262199020857.80533, 277239450740.4144, 286170162443.3188, 288191477689.7562, 290227070159.54425], "operatingMargin": [33.830171298606814, 33.830171298606814, 33.830171298606814, 33.830171298606814, 33.830171298606814, 33.830171298606814, 33.830171298606814, 33.830171298606814, 33.830171298606814, 33.830171298606814, 33.830171298606814, 33.830171298606814], "OperatingIncome": [45416666666.666664, 48049994152.399895, 52034534516.664444, 57647408828.69656, 65303654443.174355, 73976738422.1205, 81941219127.66324, 88702377899.46535, 93790581092.79886, 96811856160.07613, 97495670570.43077, 98184314989.9016], "Effective_tax_rate": [11.092612280103504, 11.092612280103504, 11.092612280103504, 11.092612280103504, 11.092612280103504, 11.092612280103504, 14.274089824082804, 17.455567368062102, 20.6370449120414, 23.8185224560207, 26.999999999999996, 27.0], "EBIT(1-t)": [40378771922.78632, 42719994600.46177, 46262545350.97423, 51252805277.8031, 58059773251.05444, 65770785651.48832, 70244855906.43207, 73218874568.15114, 74434976749.41335, 73752702460.49794, 71171839516.41446, 71674549942.62816], "Reinvestment": [4466417188.851512, 4466417188.851512, 6758224971.653497, 9520061003.404953, 12985846690.105455, 14710517994.358585, 13508647791.145252, 11467679549.367807, 8630160253.974648, 5124419566.440032, 1159825526.0461514, 6569417849.531725], "Invested Capital": [77031733333.33334, 81498150522.18486, 85964567711.03638, 92722792682.68988, 102242853686.09483, 115228700376.20029, 129939218370.55887, 143447866161.70413, 154915545711.07193, 163545705965.04657, 168670125531.4866, 169829951057.53275], "cost_to_capital": [0.0, 6.145913960205387, 6.145913960205387, 6.145913960205387, 6.145913960205387, 6.145913960205387, 5.95799783476431, 5.770081709323232, 5.582165583882155, 5.394249458441077, 5.206333333, 5.206333333], "ROIC": [52.41836081768854, 52.41836081768852, 53.81582968750847, 55.27530372515551, 56.78614314630642, 57.07847562001388, 54.059780247491375, 51.04214968636332, 48.04874579097417, 45.096080037870614, 42.19587748105897, 7.706333333], "FCFF": [35912354733.934814, 38253577411.61026, 39504320379.32073, 41732744274.39815, 45073926560.94899, 51060267657.12973, 56736208115.28682, 61751195018.78333, 65804816495.4387, 68628282894.05791, 70012013990.3683, 65105132093.096436], "Cumulated discount factor": [0.0, 0.9420993825300754, 0.8875512465635493, 0.8361614813513185, 0.7877472152765104, 0.7421361651017868, 0.7004059913052598, 0.6621967006039684, 0.6271861321861892, 0.5950857237552609, 0.5656367871615584, 0.0], "PV FCFF": [0.0, 36038671659.044464, 35062108797.31194, 34895313273.33651, 35506860129.9655, 37893671228.13306, 39738380087.88899, 40891437599.790535, 41271868336.99614, 40839711396.09124, 39601370656.22201, 0.0], "Price Target USD": [163.51121928165114, 174.14112088646726, 185.4620748155489, 197.51900653788218, 210.3597621374237, 224.0352981829449, 238.5998839413583, 254.11131673697815, 270.6311513113355, 288.22494409372734, 306.9625133518496, 326.91821625488205], "Price Target Local": [163.51121928165114, 174.14112088646726, 185.4620748155489, 197.51900653788218, 210.3597621374237, 224.0352981829449, 238.5998839413583, 254.11131673697815, 270.6311513113355, 288.22494409372734, 306.9625133518496, 326.91821625488205], "Terminal cash flow": 65105132093.096436, "Terminal cost of capital": 5.206333333, "Terminal value": 1446780713179.921, "PV(Terminal value)": 818352394330.3986, "PV (CF over next 10 years)": 381739393164.7804, "Sum of PV": 1200091787495.179, "Value of operating assets": 1200091787495.179, "Debt": 76780000000, "Minority Interests": 0, "Cash Marketable": 134253000000, "Non-operating assets": 0, "Value of equity": 1257564787495.179, "Value of equity in common stock": 1257564787495.179, "Number of shares": 7691000000, "Estimated value /share": 163.51121928165114, "Estimated value /share (Local Currency)": 163.51121928165114, "Current price": 161.63, "Valuation": -1.1639047711756116}, "2020Q3": {"Date": [2019, 2020, 2021, 2022, 2023, 2024, 2025, 2026, 2027, 2028, 2029, "Terminal"], "revenueGrowth": [0.0, 5.798152262164913, 8.292488759991967, 10.786825257819022, 13.281161755646076, 13.281161755646076, 10.752829404516861, 8.224497053387646, 5.6961647022584305, 3.1678323511292152, 0.6395, 0.6395], "Revenues": [138699000000.0, 146740979206.1001, 158909458413.06808, 176050744010.23233, 199432328094.2497, 225919258181.4978, 250211970605.70422, 270790646755.3935, 286215327992.8915, 295282149746.94086, 297170479094.5725, 299070884308.38226], "operatingMargin": [34.67749106578514, 34.67749106578514, 34.67749106578514, 34.67749106578514, 34.67749106578514, 34.67749106578514, 34.67749106578514, 34.67749106578514, 34.67749106578514, 34.67749106578514, 34.67749106578514, 34.67749106578514], "OperatingIncome": [48097333333.33333, 50886089954.04099, 55105813243.87924, 61049981025.39659, 69158127757.17075, 78343130571.77698, 86767233752.31802, 93903402335.58339, 99252294793.6426, 102396441097.35373, 103051266338.1713, 103710279186.40388], "Effective_tax_rate": [11.384792185405095, 11.384792185405095, 11.384792185405095, 11.384792185405095, 11.384792185405095, 11.384792185405095, 14.507833748324076, 17.630875311243056, 20.753916874162037, 23.87695843708102, 27.0, 27.0], "EBIT(1-t)": [42621551886.611755, 45092814361.49513, 48832130923.98615, 54099567556.42595, 61284618632.699905, 69423927964.6396, 74179187731.512, 77347410556.78178, 78653556036.47176, 77947285415.48843, 75227424426.86505, 75708503806.07483], "Reinvestment": [4413862736.74724, 4413862736.74724, 6678703781.499317, 9408042450.529522, 12833047695.060408, 14537425517.62059, 13333123028.02127, 11294663850.884378, 8465879355.762816, 4976350430.074673, 1036414833.7880985, 6337533632.303796], "Invested Capital": [76125333333.33334, 80539196070.08058, 84953058806.82782, 91631762588.32713, 101039805038.85666, 113872852733.91707, 128410278251.53766, 141743401279.55893, 153038065130.4433, 161503944486.20612, 166480294916.2808, 167516709750.06888], "cost_to_capital": [0.0, 7.088017605716554, 7.088017605716554, 7.088017605716554, 7.088017605716554, 7.088017605716554, 6.698314084573243, 6.308610563429933, 5.918907042286622, 5.5292035211433115, 5.139500000000001, 5.1395], "ROIC": [55.988657153043775, 55.98865715304379, 57.48130980783641, 59.04019089917368, 60.65393595042252, 60.966179644994234, 57.767328863041165, 54.568614735179345, 51.394766373601705, 48.263394224495755, 45.18698412006973, 7.6395], "FCFF": [38207689149.86452, 40678951624.747894, 42153427142.48683, 44691525105.89642, 48451570937.639496, 54886502447.01901, 60846064703.49072, 66052746705.89741, 70187676680.70894, 72970934985.41376, 74191009593.07695, 69370970173.77103], "Cumulated discount factor": [0.0, 0.9338112912705727, 0.8720035277044144, 0.8142867401981538, 0.7603901523289434, 0.7100609100157181, 0.6654846574734969, 0.6259931852617243, 0.5910117492166016, 0.5600456835611285, 0.5326691524699361, 0.0], "PV FCFF": [0.0, 37986464344.23899, 36757937173.07953, 36391716292.96435, 36842097405.848305, 38972759875.11026, 40492122527.81276, 41348569305.71059, 41481741568.51507, 40867057164.00072, 39519262200.8332, 0.0], "Price Target USD": [166.19912744725283, 178.62647368789743, 191.98306027388549, 206.33837007007753, 221.76708144165158, 238.34945674158996, 256.17175984686565, 275.3267049154108, 295.91393869836503, 318.0405589166606, 341.82167139861303, 367.38098887682656], "Price Target Local": [166.19912744725283, 178.62647368789743, 191.98306027388549, 206.33837007007753, 221.76708144165158, 238.34945674158996, 256.17175984686565, 275.3267049154108, 295.91393869836503, 318.0405589166606, 341.82167139861303, 367.38098887682656], "Terminal cash flow": 69370970173.77103, "Terminal cost of capital": 5.1395, "Terminal value": 1541577114972.6895, "PV(Terminal value)": 821150575299.5516, "PV (CF over next 10 years)": 390659727858.1138, "Sum of PV": 1211810303157.6655, "Value of operating assets": 1211810303157.6655, "Debt": 73858000000, "Minority Interests": 0, "Cash Marketable": 137626000000, "Non-operating assets": 0, "Value of equity": 1275578303157.6655, "Value of equity in common stock": 1275578303157.6655, "Number of shares": 7675000000, "Estimated value /share": 166.19912744725283, "Estimated value /share (Local Currency)": 166.19912744725283, "Current price": 171.13, "Valuation": 2.881360692308281}, "2020Q4": {"Date": [2020, 2021, 2022, 2023, 2024, 2025, 2026, 2027, 2028, 2029, 2030, "Terminal"], "revenueGrowth": [0.0, 6.514159282212382, 8.769826773356947, 11.02549426450151, 13.281161755646075, 13.281161755646076, 10.794629404516861, 8.308097053387646, 5.821564702258431, 3.335032351129216, 0.8485000000000005, 0.8485], "Revenues": [143015000000.0, 152331224897.45602, 165690409442.69568, 183958596032.62915, 208390434735.13818, 236067105455.606, 261549674635.50864, 283279475447.04626, 299770773398.41437, 309768225670.48175, 312396609065.29584, 315047294293.2149], "operatingMargin": [34.62783624095375, 34.62783624095375, 34.62783624095375, 34.62783624095375, 34.62783624095375, 34.62783624095375, 34.62783624095375, 34.62783624095375, 34.62783624095375, 34.62783624095375, 34.62783624095375, 34.62783624095375], "OperatingIncome": [49523000000.0, 52749007101.33003, 57375003648.782425, 63700881385.33646, 72161098481.89525, 81744930695.92683, 90568993021.53127, 98093552862.03595, 103804132510.64346, 107266033911.68246, 108176186209.42311, 109094061149.41008], "Effective_tax_rate": [16.507655177615206, 16.507655177615206, 16.507655177615206, 16.507655177615206, 16.507655177615206, 16.507655177615206, 18.606124142092163, 20.70459310656912, 22.803062071046078, 24.901531035523035, 26.999999999999993, 27.0], "EBIT(1-t)": [41347913926.38962, 44041382899.42671, 47903735888.29728, 53185359541.14344, 60248993172.12466, 68250759411.4627, 73717613745.70238, 77783681878.17412, 80133611741.93051, 80555149186.5902, 78968615932.87888, 79638664639.06935], "Reinvestment": [5171521569.782724, 5171521569.782724, 7415805413.7658825, 10140837305.94079, 13562336915.458115, 15363572819.04581, 14145607004.757162, 12062410991.670614, 9154470185.933634, 5549677110.305487, 1459039639.9352224, 8609722487.89582], "Invested Capital": [79388933333.33331, 84560454903.11604, 89731976472.89877, 97147781886.66466, 107288619192.60545, 120850956108.06357, 136214528927.10938, 150360135931.86655, 162422546923.53717, 171577017109.4708, 177126694219.77628, 178585733859.7115], "cost_to_capital": [0.0, 6.48109594545728, 6.48109594545728, 6.48109594545728, 6.48109594545728, 6.48109594545728, 6.254576756365824, 6.028057567274368, 5.801538378182912, 5.575019189091456, 5.3485000000000005, 5.3485], "ROIC": [52.0827175656594, 52.0827175656594, 53.38535689422306, 54.74685938088734, 56.15599643794944, 56.475150556884, 54.11875981684001, 51.73158523441388, 49.33650731363953, 46.94984826271564, 44.583125248696696, 7.8485], "FCFF": [36176392356.606895, 38869861329.64399, 40487930474.531395, 43044522235.20265, 46686656256.66654, 52887186592.416885, 59572006740.94521, 65721270886.5035, 70979141555.99687, 75005472076.28471, 77509576292.94365, 71028942151.17352], "Cumulated discount factor": [0.0, 0.9391338350914694, 0.8819723602136113, 0.8282900850920837, 0.777875244180768, 0.730528961290198, 0.6875270539783418, 0.6484387904042369, 0.6128821946675493, 0.5805181939582119, 0.5510455241016359, 0.0], "PV FCFF": [0.0, 36504001939.98216, 35709235600.78705, 35653350984.94409, 36316394135.63807, 38635621486.91919, 40957366294.17998, 42616221397.47352, 43501852052.458015, 43542041186.70789, 42711305091.24087, 0.0], "Price Target USD": [174.04682123963133, 185.8221847935044, 198.39422584966275, 211.81684465838262, 226.1475881613198, 241.44789671314717, 257.7833674954651, 275.2240357523213, 293.8446750530854, 313.7251178699973, 334.95059784480594, 357.6121152119017], "Price Target Local": [174.04682123963133, 185.8221847935044, 198.39422584966275, 211.81684465838262, 226.1475881613198, 241.44789671314717, 257.7833674954651, 275.2240357523213, 293.8446750530854, 313.7251178699973, 334.95059784480594, 357.6121152119017], "Terminal cash flow": 71028942151.17352, "Terminal cost of capital": 5.3485, "Terminal value": 1578420936692.745, "PV(Terminal value)": 869781792312.8488, "PV (CF over next 10 years)": 396147390170.3308, "Sum of PV": 1265929182483.1797, "Value of operating assets": 1265929182483.1797, "Debt": 70998000000, "Minority Interests": 0, "Cash Marketable": 136527000000, "Non-operating assets": 0, "Value of equity": 1331458182483.1797, "Value of equity in common stock": 1331458182483.1797, "Number of shares": 7650000000, "Estimated value /share": 174.04682123963133, "Estimated value /share (Local Currency)": 174.04682123963133, "Current price": 197.21, "Valuation": 11.745438243683727}, "2018Q1": {"Date": [2017, 2018, 2019, 2020, 2021, 2022, 2023, 2024, 2025, 2026, 2027, "Terminal"], "revenueGrowth": [0.0, 3.6806786401457816, 6.88083967864588, 10.081000717145978, 13.281161755646076, 13.281161755646076, 11.175562737916861, 9.069963720187646, 6.964364702458431, 4.8587656847292156, 2.7531666670000003, 2.753166667], "Revenues": [99181000000.0, 102831533882.083, 109907206867.60153, 120986953180.11955, 137055426135.19902, 155257978975.10486, 172608931821.08948, 188264499315.06573, 201375925652.62427, 211160310025.53976, 216973905295.0968, 222947558531.76956], "operatingMargin": [27.540893249043, 27.540893249043, 27.540893249043, 27.540893249043, 27.540893249043, 27.540893249043, 27.540893249043, 27.540893249043, 27.540893249043, 27.540893249043, 27.540893249043, 27.540893249043], "OperatingIncome": [27315333333.333336, 28320722972.81796, 30269426516.41099, 33320887620.606358, 37746288603.91614, 42759434250.15525, 47538041651.15966, 51849724782.207535, 55460728713.261444, 58155435568.48215, 59756551635.602264, 61401749096.582306], "Effective_tax_rate": [10.531618102913825, 10.531618102913825, 10.531618102913825, 10.531618102913825, 10.531618102913825, 10.531618102913825, 13.82529448233106, 17.118970861748295, 20.41264724116553, 23.706323620582765, 27.0, 27.0], "EBIT(1-t)": [24438586743.128746, 25338092585.336586, 27081566113.760452, 29811658987.903004, 33770993640.128006, 38256173931.962364, 40965767401.75364, 42973585504.84474, 44139725803.643585, 44368919809.65828, 43622282693.989655, 44823276840.50508], "Reinvestment": [2224732220.7493987, 2224732220.7493987, 4312102882.164488, 6752291422.405099, 9792553822.567944, 11093118735.751907, 10574131100.829456, 9540918277.436241, 7990451143.684414, 5962863481.820748, 3542959230.71939, 12652911194.529028], "Invested Capital": [60443533333.33334, 62668265554.08274, 64892997774.83214, 69205100656.99663, 75957392079.40173, 85749945901.96968, 96843064637.72159, 107417195738.55104, 116958114015.98727, 124948565159.67169, 130911428641.49245, 134454387872.21184], "cost_to_capital": [0.0, 7.750634790410954, 7.750634790410954, 7.750634790410954, 7.750634790410954, 7.750634790410954, 7.651141165728763, 7.551647541046572, 7.452153916364381, 7.35266029168219, 7.253166666999999, 7.253166667], "ROIC": [40.432094874988685, 40.432094874988685, 41.73264765441868, 43.07725688552849, 44.46044382991143, 44.613642060716, 42.30118858278774, 40.00624407421755, 37.73977220392766, 35.50974735320831, 33.32198200468156, 9.753166667], "FCFF": [22213854522.37935, 23113360364.58719, 22769463231.595963, 23059367565.497906, 23978439817.560062, 27163055196.210457, 30391636300.924183, 33432667227.4085, 36149274659.95917, 38406056327.83753, 40079323463.27026, 32170365645.97605], "Cumulated discount factor": [0.0, 0.9280687783836545, 0.8613116574105288, 0.7993564577005903, 0.7418577711912723, 0.6884950354439048, 0.6395612977144086, 0.5946550446568687, 0.5534137967301426, 0.5155100909716549, 0.4806478978585429, 0.0], "PV FCFF": [0.0, 21450788117.903614, 19611604114.354015, 18432654373.97229, 17788591919.699165, 18701628650.07966, 19437314352.283398, 19880904223.11283, 20005507338.608738, 19798709591.42603, 19264042570.21343, 0.0], "Price Target USD": [75.03699094585762, 81.45979432898127, 88.4323586070751, 96.001740652911, 104.21902517990087, 113.1396695057681, 122.82387782632115, 133.33700752525147, 144.75001026208423, 157.13991081512367, 170.59032691103778, 185.19203354934038], "Price Target Local": [75.03699094585762, 81.45979432898127, 88.4323586070751, 96.001740652911, 104.21902517990087, 113.1396695057681, 122.82387782632115, 133.33700752525147, 144.75001026208423, 157.13991081512367, 170.59032691103778, 185.19203354934038], "Terminal cash flow": 32170365645.97605, "Terminal cost of capital": 7.253166667, "Terminal value": 714897014355.0232, "PV(Terminal value)": 343613747135.09045, "PV (CF over next 10 years)": 194371745251.65317, "Sum of PV": 537985492386.74365, "Value of operating assets": 537985492386.74365, "Debt": 91243000000, "Minority Interests": 0, "Cash Marketable": 138471000000, "Non-operating assets": 0, "Value of equity": 585213492386.7437, "Value of equity in common stock": 585213492386.7437, "Number of shares": 7799000000, "Estimated value /share": 75.03699094585762, "Estimated value /share (Local Currency)": 75.03699094585762, "Current price": 73.02, "Valuation": -2.7622445163758265}, "2018Q2": {"Date": [2017, 2018, 2019, 2020, 2021, 2022, 2023, 2024, 2025, 2026, 2027, "Terminal"], "revenueGrowth": [0.0, 3.6806786401457816, 6.88083967864588, 10.081000717145978, 13.281161755646076, 13.281161755646076, 11.206896071116862, 9.132630386587646, 7.058364702058431, 4.984099017529216, 2.909833333000001, 2.909833333], "Revenues": [102273000000.0, 106037340465.63629, 113333599862.57661, 124758760877.49031, 141328173713.9695, 160098197071.2223, 178040235628.72604, 194299992288.10733, 208014394359.87335, 218382037745.48312, 224736591073.08585, 231276051311.57837], "operatingMargin": [27.67201509684863, 27.67201509684863, 27.67201509684863, 27.67201509684863, 27.67201509684863, 27.67201509684863, 27.67201509684863, 27.67201509684863, 27.67201509684863, 27.67201509684863, 27.67201509684863, 27.67201509684863], "OperatingIncome": [28301000000.0, 29342668861.947655, 31361690863.77422, 34523263144.6604, 39108353566.2301, 44302397263.3311, 49267320881.64594, 53766723199.140785, 57561774610.8824, 60430710453.73576, 62189143409.88728, 63998743834.33535], "Effective_tax_rate": [27.0, 27.0, 27.0, 27.0, 27.0, 27.0, 27.0, 27.0, 27.0, 27.0, 27.0, 27.0], "EBIT(1-t)": [20659730000.0, 21420148269.221786, 22894034330.55518, 25201982095.602093, 28549098103.347973, 32340750002.2317, 35965144243.60154, 39249707935.37277, 42020095465.94415, 44114418631.227104, 45398074689.21771, 46719082999.064804], "Reinvestment": [1800492293.1146708, 1800492293.1146708, 3489816857.0775137, 5464679548.179277, 7925186466.488591, 8977743300.539507, 8581716356.544094, 7777077238.465853, 6559628561.843372, 4958866548.85676, 3039396780.6525025, 13718166636.07983], "Invested Capital": [48917400000.0, 50717892293.11467, 52518384586.22934, 56008201443.306854, 61472880991.48613, 69398067457.97472, 78375810758.51422, 86957527115.05832, 94734604353.52417, 101294232915.36754, 106253099464.2243, 109292496244.8768], "cost_to_capital": [0.0, 8.092780609563766, 8.092780609563766, 8.092780609563766, 8.092780609563766, 8.092780609563766, 7.956191154251012, 7.819601698938259, 7.683012243625505, 7.546422788312752, 7.409833332999998, 7.409833333], "ROIC": [42.23390858876392, 42.23390858876391, 43.59241913270528, 44.99694945768305, 46.4417766710852, 46.60180201965457, 45.88806660567084, 45.136642263802315, 44.35559292477373, 43.550770228039724, 42.72635331875976, 9.909833333], "FCFF": [18859237706.88533, 19619655976.107117, 19404217473.477665, 19737302547.422813, 20623911636.859383, 23363006701.692192, 27383427887.057446, 31472630696.90692, 35460466904.100784, 39155552082.370346, 42358677908.56521, 33000916362.984974], "Cumulated discount factor": [0.0, 0.9251311645058399, 0.8558676715399314, 0.7917898556346383, 0.7325094711871838, 0.6776673400909563, 0.6277243878701547, 0.5821987634706095, 0.5406598044949043, 0.5027222574934949, 0.4680411857030982, 0.0], "PV FCFF": [0.0, 18150755180.379936, 16607442427.079779, 15627795934.641088, 15107210606.927073, 15832346608.062935, 17189245508.18966, 18323326674.906357, 19172049103.66915, 19684367536.253334, 19825605833.14049, 0.0], "Price Target USD": [73.49414776600808, 79.97942583839368, 87.03697847895405, 94.71730439841899, 103.07535841989367, 112.17094469558077, 122.06914462177254, 132.84078251396124, 144.56293237410011, 157.3194693760726, 171.20167001539838, 186.3088652174112], "Price Target Local": [73.49414776600808, 79.97942583839368, 87.03697847895405, 94.71730439841899, 103.07535841989367, 112.17094469558077, 122.06914462177254, 132.84078251396124, 144.56293237410011, 157.3194693760726, 171.20167001539838, 186.3088652174112], "Terminal cash flow": 33000916362.984974, "Terminal cost of capital": 7.409833333, "Terminal value": 733353696955.2217, "PV(Terminal value)": 343239733862.67255, "PV (CF over next 10 years)": 175520145413.24982, "Sum of PV": 518759879275.92236, "Value of operating assets": 518759879275.92236, "Debt": 94900000000, "Minority Interests": 0, "Cash Marketable": 142780000000, "Non-operating assets": 0, "Value of equity": 566639879275.9224, "Value of equity in common stock": 566639879275.9224, "Number of shares": 7710000000, "Estimated value /share": 73.49414776600808, "Estimated value /share (Local Currency)": 73.49414776600808, "Current price": 88.52, "Valuation": 16.974528054667772}, "2018Q3": {"Date": [2017, 2018, 2019, 2020, 2021, 2022, 2023, 2024, 2025, 2026, 2027, "Terminal"], "revenueGrowth": [0.0, 3.6806786401457816, 6.88083967864588, 10.081000717145978, 13.281161755646076, 13.281161755646076, 11.211696071116862, 9.142230386587647, 7.072764702058432, 5.003299017529217, 2.933833333000002, 2.933833333], "Revenues": [105880000000.0, 109777102544.18636, 117330688974.1145, 129158796571.0273, 146312585265.2713, 165744596383.21957, 184327376784.00552, 201179010235.1528, 215407928259.01523, 226185431017.2786, 232821334586.85327, 239651924507.29782], "operatingMargin": [28.2873693489485, 28.2873693489485, 28.2873693489485, 28.2873693489485, 28.2873693489485, 28.2873693489485, 28.2873693489485, 28.2873693489485, 28.2873693489485, 28.2873693489485, 28.2873693489485, 28.2873693489485], "OperatingIncome": [29950666666.666668, 31053054457.247932, 33189765349.77376, 36535625832.70352, 41387981397.98249, 46884786154.84525, 52141365882.11959, 56908249677.77658, 60933236273.54565, 63981908285.36871, 65859030837.73436, 67791225037.24256], "Effective_tax_rate": [54.65394556303648, 54.65394556303648, 54.65394556303648, 54.65394556303648, 54.65394556303648, 54.65394556303648, 49.123156450429185, 43.59236733782189, 38.061578225214596, 32.5307891126073, 27.000000000000007, 27.0], "EBIT(1-t)": [13581445610.900156, 14081334978.523575, 15050249063.008867, 16567464778.983046, 18767816575.089478, 21260400652.430065, 26527881144.45528, 32100596432.71537, 37741084884.13523, 43168088630.8336, 48077092511.54608, 49487594277.187065], "Reinvestment": [1797626271.3468802, 1797626271.3468802, 3484261770.218078, 5455980876.933092, 7912571162.87766, 8963452538.050045, 8571725753.77974, 7773195255.557448, 6563408728.028869, 4971365746.243821, 3060959894.059578, 14615541533.003035], "Invested Capital": [48839533333.33334, 50637159604.68022, 52434785876.0271, 55919047646.24518, 61375028523.17827, 69287599686.05592, 78251052224.10597, 86822777977.88571, 94595973233.44316, 101159381961.47203, 106130747707.71585, 109191707601.77542], "cost_to_capital": [0.0, 8.250338940684742, 8.250338940684742, 8.250338940684742, 8.250338940684742, 8.250338940684742, 8.087037819147794, 7.923736697610845, 7.760435576073897, 7.597134454536949, 7.433833333000001, 7.433833333], "ROIC": [27.808303404960505, 27.808303404960505, 28.702794931960923, 29.62758751506654, 30.57891299879692, 30.68427936421747, 33.90098968698994, 36.972551651009816, 39.897136837947734, 42.673341605897484, 45.29987166768148, 9.933833332999999], "FCFF": [11783819339.553276, 12283708707.176695, 11565987292.790789, 11111483902.049953, 10855245412.211819, 12296948114.38002, 17956155390.67554, 24327401177.15792, 31177676156.10636, 38196722884.58978, 45016132617.4865, 34872052744.18403], "Cumulated discount factor": [0.0, 0.9237846364138825, 0.8533780544743291, 0.7883375357761546, 0.7282541038583911, 0.6727499525497417, 0.6224150149025205, 0.5767174432131196, 0.5351847736416987, 0.49739686503252595, 0.4629797239858355, 0.0], "PV FCFF": [0.0, 11347501381.873266, 9870159733.996616, 8759599838.158472, 7905377019.833229, 8272771260.455794, 11176180725.07929, 14030036606.91035, 16685817556.27997, 18998930217.3111, 20841556654.153667, 0.0], "Price Target USD": [68.77455663631325, 74.90617508740647, 81.58446001907916, 88.8581496630678, 96.78032752435537, 105.40880978545154, 114.80656724983025, 125.04218490387478, 136.19036245122058, 148.33245947240383, 161.5570891883997, 175.96076516134605], "Price Target Local": [68.77455663631325, 74.90617508740647, 81.58446001907916, 88.8581496630678, 96.78032752435537, 105.40880978545154, 114.80656724983025, 125.04218490387478, 136.19036245122058, 148.33245947240383, 161.5570891883997, 175.96076516134605], "Terminal cash flow": 34872052744.18403, "Terminal cost of capital": 7.433833333, "Terminal value": 774934505426.3116, "PV(Terminal value)": 358778963429.3737, "PV (CF over next 10 years)": 127887930994.05176, "Sum of PV": 486666894423.4255, "Value of operating assets": 486666894423.4255, "Debt": 82908000000, "Minority Interests": 0, "Cash Marketable": 132270000000, "Non-operating assets": 0, "Value of equity": 536028894423.4255, "Value of equity in common stock": 536028894423.4255, "Number of shares": 7794000000, "Estimated value /share": 68.77455663631325, "Estimated value /share (Local Currency)": 68.77455663631325, "Current price": 88.24, "Valuation": 22.059659297015806}, "2018Q4": {"Date": [2018, 2019, 2020, 2021, 2022, 2023, 2024, 2025, 2026, 2027, 2028, "Terminal"], "revenueGrowth": [0.0, 3.6806786401457816, 6.88083967864588, 10.081000717145978, 13.281161755646076, 13.281161755646076, 11.233629404516861, 9.186097053387646, 7.1385647022584315, 5.091032351129217, 3.043500000000001, 3.0435], "Revenues": [110360000000.0, 114421996947.2649, 122295191114.31126, 134623770207.58002, 152503370890.398, 172757590261.16467, 192164537719.27762, 209816958656.36417, 224794878006.35953, 236239257969.34476, 243429199785.64175, 250837967481.11777], "operatingMargin": [27.331460674157306, 27.331460674157306, 27.331460674157306, 27.331460674157306, 27.331460674157306, 27.331460674157306, 27.331460674157306, 27.331460674157306, 27.331460674157306, 27.331460674157306, 27.331460674157306, 27.331460674157306], "OperatingIncome": [30163000000.0, 31273203098.227177, 33425062065.7935, 36794642812.35263, 41681398841.67339, 47217172843.85203, 52521375056.42054, 57346039542.87706, 61439723679.82804, 64567639888.812485, 66532756008.82849, 68557680437.95719], "Effective_tax_rate": [54.56763722103416, 54.56763722103416, 54.56763722103416, 54.56763722103416, 54.56763722103416, 54.56763722103416, 49.05410977682733, 43.5405823326205, 38.02705488841367, 32.513527444206844, 27.00000000000001, 27.0], "EBIT(1-t)": [13703763585.019466, 14208155084.189356, 15185795456.825796, 16716675605.732727, 18936844333.09672, 21451877260.390194, 26757482079.944798, 32377239981.213562, 38076006232.81014, 43574422573.4868, 48568911886.44479, 50047106719.70875], "Reinvestment": [1848188980.719445, 1848188980.719445, 3582265297.465965, 5609443907.497239, 8135131904.493069, 9215571931.76397, 8830067306.0911, 8031766218.06974, 6814880920.923737, 5207137576.259822, 3271388779.807346, 15165865415.58556], "Invested Capital": [50213266666.66666, 52061455647.3861, 53909644628.105545, 57491909925.57151, 63101353833.06875, 71236485737.56181, 80452057669.32578, 89282124975.41687, 97313891193.4866, 104128772114.41034, 109335909690.67017, 112607298470.47751], "cost_to_capital": [0.0, 8.371473484760337, 8.371473484760337, 8.371473484760337, 8.371473484760337, 8.371473484760337, 8.205878787808269, 8.0402840908562, 7.874689393904133, 7.709094696952066, 7.543499999999999, 7.5435], "ROIC": [27.291121440056614, 27.29112144005662, 28.168977112694137, 29.07657029897594, 30.01020292400244, 30.113609673868254, 33.25891575069896, 36.26396660040112, 39.127000026239465, 41.84666897407557, 44.42173849731025, 10.0435], "FCFF": [11855574604.300022, 12359966103.469912, 11603530159.35983, 11107231698.235489, 10801712428.603653, 12236305328.626225, 17927414773.8537, 24345473763.14382, 31261125311.886406, 38367284997.22698, 45297523106.63745, 34881241304.123184], "Cumulated discount factor": [0.0, 0.9227520562785597, 0.8514713573663102, 0.7856969458720591, 0.7250034724152268, 0.6689984449802465, 0.6182644163836537, 0.5722536011324497, 0.5304799525705861, 0.49251175498515964, 0.45796515362170626, 0.0], "PV FCFF": [0.0, 11405184137.510159, 9880073575.031033, 8726918022.396948, 7831279018.768361, 8186069237.1544485, 11083882632.424349, 13931785032.234625, 16583400272.75265, 18896338868.000046, 20744687128.21401, 0.0], "Price Target USD": [68.70947006491026, 74.85615760245373, 81.55272229155287, 88.84835564876941, 96.79664981959615, 105.45599125477227, 114.8899896045287, 125.1679449813277, 136.36535702350798, 148.56447949930663, 161.85492452525915, 176.33432083743543], "Price Target Local": [68.70947006491026, 74.85615760245373, 81.55272229155287, 88.84835564876941, 96.79664981959615, 105.45599125477227, 114.8899896045287, 125.1679449813277, 136.36535702350798, 148.56447949930663, 161.85492452525915, 176.33432083743543], "Terminal cash flow": 34881241304.123184, "Terminal cost of capital": 7.5435, "Terminal value": 775138695647.1819, "PV(Terminal value)": 354986511830.1907, "PV (CF over next 10 years)": 127269617924.48663, "Sum of PV": 482256129754.6773, "Value of operating assets": 482256129754.6773, "Debt": 81808000000, "Minority Interests": 0, "Cash Marketable": 133768000000, "Non-operating assets": 0, "Value of equity": 534216129754.6773, "Value of equity in common stock": 534216129754.6773, "Number of shares": 7775000000, "Estimated value /share": 68.70947006491026, "Estimated value /share (Local Currency)": 68.70947006491026, "Current price": 101.57, "Valuation": 32.352594206054675}, "2013Q1": {"Date": [2012, 2013, 2014, 2015, 2016, 2017, 2018, 2019, 2020, 2021, 2022, "Terminal"], "revenueGrowth": [0.0, 7.6816120755772355, 9.548128635600182, 11.41464519562313, 13.281161755646078, 13.281161755646076, 11.01346273791686, 8.745763720187645, 6.478064702458429, 4.210365684729213, 1.942666666999998, 1.942666667], "Revenues": [72359000000.0, 77917337681.76692, 85356985313.05699, 95100182336.2226, 107730591382.2107, 122038465483.99622, 135479126406.00166, 147327810691.64493, 156871801592.96515, 163476678096.25183, 166652485029.94662, 169889987306.35056], "operatingMargin": [21.575293559428225, 21.575293559428225, 21.575293559428225, 21.575293559428225, 21.575293559428225, 21.575293559428225, 21.575293559428225, 21.575293559428225, 21.575293559428225, 21.575293559428225, 21.575293559428225, 21.575293559428225], "OperatingIncome": [15611666666.666668, 16810894338.5322, 18416020154.77008, 20518143514.59153, 23243191344.020042, 26330157183.593674, 29230019233.8437, 31786407651.401073, 33845551705.64603, 35270573200.467834, 35955762869.29316, 36654263489.42048], "Effective_tax_rate": [23.3666747987314, 23.3666747987314, 23.3666747987314, 23.3666747987314, 23.3666747987314, 23.3666747987314, 24.09333983898512, 24.82000487923884, 25.54666991949256, 26.273334959746283, 27.000000000000004, 27.0], "EBIT(1-t)": [11963739286.004717, 12882747327.689032, 14112808614.336124, 15723735644.799929, 17812030409.815994, 20177674980.508526, 22187531364.833023, 23897019721.388577, 25199140328.973454, 26003817361.286415, 26247706894.584007, 26757612347.276947], "Reinvestment": [2105596443.8870375, 2105596443.8870375, 2818269866.475138, 3690895044.2799907, 4784621930.997391, 5420075309.049267, 5091559646.277149, 4488490790.768198, 3615432248.4275393, 2502043825.666341, 1203051733.9734306, 5812709288.089866], "Invested Capital": [27410866666.666656, 29516463110.553696, 31622059554.440735, 34440329420.91587, 38131224465.19586, 42915846396.19325, 48335921705.24252, 53427481351.51967, 57915972142.287865, 61531404390.7154, 64033448216.381744, 65236499950.35518], "cost_to_capital": [0.0, 8.581031988812983, 8.581031988812983, 8.581031988812983, 8.581031988812983, 8.581031988812983, 8.153358924450387, 7.725685860087791, 7.298012795725194, 6.870339731362598, 6.442666667000001, 6.442666667], "ROIC": [43.645972349182884, 43.645972349182884, 44.62963138134449, 45.655009429877246, 46.71245327060992, 47.01684033965211, 45.90277909695174, 44.727954821903396, 43.509828803467634, 42.26104965224909, 40.9906191618602, 8.942666667000001], "FCFF": [9858142842.11768, 10777150883.801994, 11294538747.860987, 12032840600.519938, 13027408478.818604, 14757599671.459259, 17095971718.555874, 19408528930.620377, 21583708080.545914, 23501773535.620075, 25044655160.610577, 20944903059.18708], "Cumulated discount factor": [0.0, 0.9209711693503052, 0.8481878947744685, 0.7811565972792159, 0.7194227048419449, 0.6625675697354455, 0.612618578215658, 0.5686838503969388, 0.5300040844927889, 0.49593187953275664, 0.4659145576315296, 0.0], "PV FCFF": [0.0, 9925445251.719797, 9579891042.996872, 9399532819.105352, 9372213444.912567, 9777906949.44737, 10473309887.436798, 11037316962.805576, 11439453441.189346, 11655278721.873262, 11668669430.190083, 0.0], "Price Target USD": [44.252337731946426, 48.21474345967375, 52.531947599322976, 57.23571921286104, 62.36067200096899, 67.94451901529702, 74.0283501779507, 80.65693465039443, 87.87905027681772, 95.74784252624323, 104.32121557472811, 113.66225840552], "Price Target Local": [44.252337731946426, 48.21474345967375, 52.531947599322976, 57.23571921286104, 62.36067200096899, 67.94451901529702, 74.0283501779507, 80.65693465039443, 87.87905027681772, 95.74784252624323, 104.32121557472811, 113.66225840552], "Terminal cash flow": 20944903059.18708, "Terminal cost of capital": 6.442666667, "Terminal value": 465442290204.1572, "PV(Terminal value)": 216856338743.47595, "PV (CF over next 10 years)": 104329017951.67702, "Sum of PV": 321185356695.15295, "Value of operating assets": 321185356695.15295, "Debt": 11950000000, "Minority Interests": 0, "Cash Marketable": 66644000000, "Non-operating assets": 0, "Value of equity": 375879356695.15295, "Value of equity in common stock": 375879356695.15295, "Number of shares": 8494000000, "Estimated value /share": 44.252337731946426, "Estimated value /share (Local Currency)": 44.252337731946426, "Current price": 23.87, "Valuation": -85.38893059047517}, "2013Q2": {"Date": [2012, 2013, 2014, 2015, 2016, 2017, 2018, 2019, 2020, 2021, 2022, "Terminal"], "revenueGrowth": [0.0, 7.6816120755772355, 9.548128635600182, 11.41464519562313, 13.281161755646078, 13.281161755646076, 11.025162737916862, 8.769163720187645, 6.51316470245843, 4.257165684729214, 2.001166666999999, 2.001166667], "Revenues": [72930000000.0, 78532199686.71848, 86030555133.17274, 95850637761.44937, 108580716006.36584, 123001496534.61, 136562611697.62393, 148538010697.95273, 158212535980.4657, 164947905771.16595, 168248788279.3731, 171615726948.05133], "operatingMargin": [20.980392156862745, 20.980392156862745, 20.980392156862745, 20.980392156862745, 20.980392156862745, 20.980392156862745, 20.980392156862745, 20.980392156862745, 20.980392156862745, 20.980392156862745, 20.980392156862745, 20.980392156862745], "OperatingIncome": [15301000000.0, 16476363463.684072, 18049547841.665653, 20109839687.206043, 22780660024.86499, 25806196331.77112, 28651371473.815216, 31163857146.43322, 33193610490.019276, 34606717485.32305, 35299255580.182205, 36005652516.55195], "Effective_tax_rate": [22.80535304104664, 22.80535304104664, 22.80535304104664, 22.80535304104664, 22.80535304104664, 22.80535304104664, 23.64428243283731, 24.483211824627983, 25.322141216418654, 26.161070608209325, 26.999999999999996, 27.0], "EBIT(1-t)": [11811552931.189453, 12718870607.4649, 13933284734.061188, 15523719750.550196, 17585450081.113945, 19921002151.84509, 21876960281.664963, 23533943988.54751, 24788277566.90864, 25553229688.804165, 25768456573.53301, 26284126337.08292], "Reinvestment": [2442983088.3958273, 2442983088.3958273, 3269850517.805912, 4282299298.3282814, 5551277641.890561, 6288551805.015068, 5913672638.548363, 5222180370.320262, 4218825278.4829288, 2937131022.2629957, 1439434614.1301537, 5843566666.732753], "Invested Capital": [31803000000.0, 34245983088.39583, 36688966176.79166, 39958816694.597565, 44241115992.92584, 49792393634.81641, 56080945439.831474, 61994618078.37984, 67216798448.700096, 71435623727.18303, 74372754749.44603, 75812189363.57619], "cost_to_capital": [0.0, 8.251097512564826, 8.251097512564826, 8.251097512564826, 8.251097512564826, 8.251097512564826, 7.901111343451861, 7.551125174338896, 7.201139005225931, 6.851152836112966, 6.5011666670000015, 6.501166667], "ROIC": [37.13974446181006, 37.13974446181006, 37.97677118216257, 38.8492979389177, 39.7491104969546, 40.008123124082346, 39.00961388950989, 37.96126941018255, 36.87809913444043, 35.77098981650037, 34.6477102540362, 9.001166667], "FCFF": [9368569842.793625, 10275887519.069073, 10663434216.255276, 11241420452.221914, 12034172439.223385, 13632450346.83002, 15963287643.1166, 18311763618.227245, 20569452288.425713, 22616098666.54117, 24329021959.402855, 20440559670.350166], "Cumulated discount factor": [0.0, 0.9237781629732935, 0.8533660943863128, 0.7883209630158823, 0.7282336910481494, 0.6727263813317205, 0.6234656649554016, 0.5796923685779877, 0.5407520609923075, 0.5060797629593259, 0.47518706019596835, 0.0], "PV FCFF": [0.0, 9492640495.285822, 9099813209.871138, 8861847396.562014, 8763689814.125557, 9170908990.507318, 9952561745.290035, 10615189624.690372, 11122973718.44914, 11445549852.22788, 11560836422.3318, 0.0], "Price Target USD": [43.824780161151416, 47.63324721809472, 51.77267820162219, 56.27183458427967, 61.16197727204533, 66.47708381043668, 72.25408446629247, 78.5331188255659, 85.35781469001455, 92.77559121060875, 100.83798836388084, 109.60102506047343], "Price Target Local": [43.824780161151416, 47.63324721809472, 51.77267820162219, 56.27183458427967, 61.16197727204533, 66.47708381043668, 72.25408446629247, 78.5331188255659, 85.35781469001455, 92.77559121060875, 100.83798836388084, 109.60102506047343], "Terminal cash flow": 20440559670.350166, "Terminal cost of capital": 6.501166667, "Terminal value": 454234659341.1148, "PV(Terminal value)": 215846432411.4215, "PV (CF over next 10 years)": 100086011269.34106, "Sum of PV": 315932443680.7626, "Value of operating assets": 315932443680.7626, "Debt": 14188000000, "Minority Interests": 0, "Cash Marketable": 68312000000, "Non-operating assets": 0, "Value of equity": 370056443680.7626, "Value of equity in common stock": 370056443680.7626, "Number of shares": 8444000000, "Estimated value /share": 43.824780161151416, "Estimated value /share (Local Currency)": 43.824780161151416, "Current price": 22.54, "Valuation": -94.43114534672323}, "2013Q3": {"Date": [2012, 2013, 2014, 2015, 2016, 2017, 2018, 2019, 2020, 2021, 2022, "Terminal"], "revenueGrowth": [0.0, 7.6816120755772355, 9.548128635600182, 11.41464519562313, 13.281161755646078, 13.281161755646076, 11.16596273791686, 9.050763720187646, 6.935564702458431, 4.820365684729216, 2.705166667000001, 2.705166667], "Revenues": [76012000000.0, 81850946970.88776, 89666180677.125, 99901257061.88521, 113169304608.198, 128199503010.95262, 142514211747.3502, 155412836320.29077, 166191594139.21036, 174202636714.00128, 178915108375.42355, 183755060249.42245], "operatingMargin": [22.548194144784155, 22.548194144784155, 22.548194144784155, 22.548194144784155, 22.548194144784155, 22.548194144784155, 22.548194144784155, 22.548194144784155, 22.548194144784155, 22.548194144784155, 22.548194144784155, 22.548194144784155], "OperatingIncome": [17139333333.333332, 18455910432.3401, 20218104501.29108, 22525929395.39377, 25517634515.358646, 28906672831.558006, 32134381148.70131, 35042788059.41479, 37473203298.82088, 39279548731.60605, 40342125990.841484, 41433447735.90487], "Effective_tax_rate": [22.8533809837299, 22.8533809837299, 22.8533809837299, 22.8533809837299, 22.8533809837299, 22.8533809837299, 23.68270478698392, 24.51202859023794, 25.34135239349196, 26.17067619674598, 27.0, 27.0], "EBIT(1-t)": [13222416188.595253, 14238110907.221464, 15597584051.922386, 17377992930.538425, 19685992281.527977, 22300520759.641712, 24524090526.130165, 26453089831.47455, 27976986797.737026, 28999825221.51439, 29449751973.31428, 30246416847.210552], "Reinvestment": [2295470531.1711555, 2295470531.1711555, 3072409932.1894636, 4023724884.408529, 5216079594.589666, 5908835562.8503685, 5627554459.82463, 5070848005.205219, 4237462860.9101334, 3149388450.704524, 1852618268.6206734, 8430725762.750182], "Invested Capital": [29882666666.66667, 32178137197.837826, 34473607729.00898, 37546017661.19844, 41569742545.60697, 46785822140.19664, 52694657703.04701, 58322212162.87164, 63393060168.07686, 67630523028.98699, 70779911479.69151, 72632529748.31218], "cost_to_capital": [0.0, 8.613912738806535, 8.613912738806535, 8.613912738806535, 8.613912738806535, 8.613912738806535, 8.332163524445228, 8.050414310083921, 7.768665095722614, 7.486915881361307, 7.205166667, 7.205166667], "ROIC": [44.24777860720345, 44.24777860720346, 45.24500068148444, 46.28451700883724, 47.356541262987356, 47.66512532967104, 46.53999398635829, 45.3568012091194, 44.13257022702546, 42.87978847817697, 41.60750043006784, 9.705166667], "FCFF": [10926945657.424097, 11942640376.050308, 12525174119.732922, 13354268046.129896, 14469912686.93831, 16391685196.791344, 18896536066.305534, 21382241826.26933, 23739523936.826893, 25850436770.809864, 27597133704.693607, 21815691084.46037], "Cumulated discount factor": [0.0, 0.920692363237837, 0.8476744277244732, 0.7804473721179263, 0.7185519354180131, 0.6615652795291321, 0.6106822369331241, 0.5651826888702003, 0.5244406510632678, 0.48791115343017116, 0.4551190661787017, 0.0], "PV FCFF": [0.0, 10995497791.125368, 10617269804.093987, 10422303403.160471, 10397383766.529186, 10844169799.168802, 11539778915.25892, 12084872929.443762, 12449971389.361525, 12612716421.51955, 12559981720.88893, 0.0], "Price Target USD": [46.91547572989389, 51.14951279417743, 55.76566406667956, 60.7984146654816, 66.28536192837171, 72.26749628506003, 78.78950747760452, 85.90011841667805, 93.65244916776139, 102.10441378643347, 111.31915296733105, 121.36550573889645], "Price Target Local": [46.91547572989389, 51.14951279417743, 55.76566406667956, 60.7984146654816, 66.28536192837171, 72.26749628506003, 78.78950747760452, 85.90011841667805, 93.65244916776139, 102.10441378643347, 111.31915296733105, 121.36550573889645], "Terminal cash flow": 21815691084.46037, "Terminal cost of capital": 7.205166667, "Terminal value": 484793135210.23047, "PV(Terminal value)": 220638598986.72516, "PV (CF over next 10 years)": 114523945940.55049, "Sum of PV": 335162544927.27563, "Value of operating assets": 335162544927.27563, "Debt": 14195000000, "Minority Interests": 0, "Cash Marketable": 74483000000, "Non-operating assets": 0, "Value of equity": 395450544927.27563, "Value of equity in common stock": 395450544927.27563, "Number of shares": 8429000000, "Estimated value /share": 46.91547572989389, "Estimated value /share (Local Currency)": 46.91547572989389, "Current price": 23.68, "Valuation": -98.12278602151136}, "2013Q4": {"Date": [2013, 2014, 2015, 2016, 2017, 2018, 2019, 2020, 2021, 2022, 2023, "Terminal"], "revenueGrowth": [0.0, 6.556222505656353, 8.797868922319594, 11.039515338982834, 13.281161755646075, 13.281161755646076, 11.172729404516861, 9.064297053387646, 6.955864702258431, 4.847432351129216, 2.7390000000000003, 2.739], "Revenues": [77849000000.0, 82952953658.4284, 90251045788.48946, 100214323831.90218, 113523950282.34409, 128601249750.74144, 142969519396.2187, 155928701330.09262, 166774890826.6025, 174859190838.09167, 179648584075.147, 184569158792.96527], "operatingMargin": [29.53666713766394, 29.53666713766394, 29.53666713766394, 29.53666713766394, 29.53666713766394, 29.53666713766394, 29.53666713766394, 29.53666713766394, 29.53666713766394, 29.53666713766394, 29.53666713766394, 29.53666713766394], "OperatingIncome": [22994000000.0, 24501537802.950623, 26657150982.8068, 29599971254.489574, 33531191316.423077, 37984523073.75238, 42228431052.379, 46056141483.95162, 49259744372.65602, 51647577157.4597, 53062204295.80252, 54515578071.46455], "Effective_tax_rate": [19.181576223569422, 19.181576223569422, 19.181576223569422, 19.181576223569422, 19.181576223569422, 19.181576223569422, 20.745260978855537, 22.308945734141652, 23.872630489427767, 25.43631524471388, 26.999999999999996, 27.0], "EBIT(1-t)": [18583388363.152447, 19801756653.330975, 21543889248.00773, 23922230206.155018, 27099380295.392494, 30698492827.201256, 33468032823.286903, 35781501873.05735, 37500147618.53516, 38510336615.43141, 38735409135.93584, 39796371992.16912], "Reinvestment": [2046791474.8558576, 2046791474.8558576, 2926686595.1759343, 3995481527.7760534, 5337436774.586392, 6046310386.22455, 5761974693.917679, 5196901241.365626, 4349547366.964791, 3241972292.669327, 1920646209.463356, 11192346533.170881], "Invested Capital": [31219066666.66667, 33265858141.52253, 35312649616.37839, 38239336211.55432, 42234817739.330376, 47572254513.91677, 53618564900.14132, 59380539594.059, 64577440835.42462, 68926988202.38942, 72168960495.05875, 74089606704.5221], "cost_to_capital": [0.0, 8.697697468356244, 8.697697468356244, 8.697697468356244, 8.697697468356244, 8.697697468356244, 8.405957974684995, 8.114218481013745, 7.822478987342497, 7.530739493671248, 7.239, 7.239], "ROIC": [59.52576533299878, 59.525765332998795, 61.00898539772965, 62.559219317532836, 64.1636018477634, 64.53024591933251, 62.41874038519575, 60.25796012914183, 58.07004293357513, 55.87120171616089, 53.673225816503155, 9.739], "FCFF": [16536596888.296589, 17754965178.475117, 18617202652.831795, 19926748678.378963, 21761943520.806103, 24652182440.976707, 27706058129.369225, 30584600631.691723, 33150600251.570366, 35268364322.762085, 36814762926.47248, 28604025458.998238], "Cumulated discount factor": [0.0, 0.9199826889535696, 0.8463681479742404, 0.7786440446179944, 0.7163390419053457, 0.6590195179745038, 0.6079181719222464, 0.5622925277205835, 0.5214984231503267, 0.48497613389985067, 0.4522385828848187, 0.0], "PV FCFF": [0.0, 16334260607.170532, 15757007329.738361, 15515844187.01927, 15588929771.69249, 16246269389.271996, 16843016209.177633, 17197492398.518494, 17287985757.680767, 17104314978.22458, 16649056215.108477, 0.0], "Price Target USD": [60.816083330281806, 66.3616714498688, 72.41294072989959, 79.01600231864441, 86.22117206520299, 94.08335393023563, 102.66245835846541, 112.02385880098322, 122.23888986609118, 133.38539089463345, 145.5482991019009, 158.82029680589798], "Price Target Local": [60.816083330281806, 66.3616714498688, 72.41294072989959, 79.01600231864441, 86.22117206520299, 94.08335393023563, 102.66245835846541, 112.02385880098322, 122.23888986609118, 133.38539089463345, 145.5482991019009, 158.82029680589798], "Terminal cash flow": 28604025458.998238, "Terminal cost of capital": 7.239, "Terminal value": 635645010199.9608, "PV(Terminal value)": 287463198630.6364, "PV (CF over next 10 years)": 164524176843.6026, "Sum of PV": 451987375474.239, "Value of operating assets": 451987375474.239, "Debt": 15600000000, "Minority Interests": 0, "Cash Marketable": 77022000000, "Non-operating assets": 0, "Value of equity": 513409375474.239, "Value of equity in common stock": 513409375474.239, "Number of shares": 8442000000, "Estimated value /share": 60.816083330281806, "Estimated value /share (Local Currency)": 60.816083330281806, "Current price": 26.38, "Valuation": -130.53860246505613}, "2015Q1": {"Date": [2014, 2015, 2016, 2017, 2018, 2019, 2020, 2021, 2022, 2023, 2024, "Terminal"], "revenueGrowth": [0.0, 6.499484440818592, 8.760043545761087, 11.020602650703582, 13.281161755646076, 13.281161755646076, 11.01762940451686, 8.754097053387646, 6.490564702258431, 4.227032351129216, 1.9635000000000007, 1.9635], "Revenues": [91505000000.0, 97452353237.57106, 105989221817.55121, 117669872806.63637, 133297798951.74875, 151001295247.24643, 167638058353.6084, 182313256680.2979, 194146416565.92715, 202353048402.727, 206326250508.11456, 210377466436.8414], "operatingMargin": [26.655009744458408, 26.655009744458408, 26.655009744458408, 26.655009744458408, 26.655009744458408, 26.655009744458408, 26.655009744458408, 26.655009744458408, 26.655009744458408, 26.655009744458408, 26.655009744458408, 26.655009744458408], "OperatingIncome": [24390666666.666668, 25975934251.678596, 28251437403.54391, 31364916062.900738, 35530541299.737206, 40249409962.41195, 44683940789.57519, 48595616333.572876, 51749746254.164696, 53937224769.95552, 54996282178.3136, 56076134178.88479], "Effective_tax_rate": [21.744543723451002, 21.744543723451002, 21.744543723451002, 21.744543723451002, 21.744543723451002, 21.744543723451002, 22.795634978760802, 23.8467262340706, 24.8978174893804, 25.9489087446902, 27.0, 27.0], "EBIT(1-t)": [19087027488.892143, 20327585870.74746, 22108291244.826916, 24544758175.77958, 27804587211.63703, 31497359414.70424, 34497952753.05802, 37007152744.74645, 38865188880.5853, 39941103534.98132, 40147285990.16892, 40935577950.58589], "Reinvestment": [2623854867.7273507, 2623854867.7273507, 3766297928.5013347, 5153272679.739531, 6894732572.683634, 7810433158.280974, 7339811528.948735, 6474407862.828491, 5220556594.883664, 3620603995.169409, 1752898351.2913766, 8967145345.676956], "Invested Capital": [40370200000.0, 42994054867.72735, 45617909735.4547, 49384207663.95603, 54537480343.695564, 61432212916.379196, 69242646074.66017, 76582457603.6089, 83056865466.4374, 88277422061.32106, 91898026056.49046, 93650924407.78185], "cost_to_capital": [0.0, 7.614374723323445, 7.614374723323445, 7.614374723323445, 7.614374723323445, 7.614374723323445, 7.384199778658756, 7.154024833994066, 6.923849889329377, 6.6936749446646875, 6.463499999999998, 6.4635], "ROIC": [47.27999239263651, 47.279992392636515, 48.464060218971696, 49.70163405839965, 50.98252987929097, 51.27173175021071, 49.821829044287185, 48.32327650843437, 46.79346934455455, 45.244981788476586, 43.686777304106684, 8.9635], "FCFF": [16463172621.164793, 17703731003.020107, 18341993316.32558, 19391485496.040047, 20909854638.9534, 23686926256.423264, 27158141224.109287, 30532744881.91796, 33644632285.701633, 36320499539.81191, 38394387638.87755, 31968432604.908936], "Cumulated discount factor": [0.0, 0.9292438882547057, 0.863494203858724, 0.8023967114790822, 0.7456222400976116, 0.6928649095574884, 0.645220536154879, 0.6021430712980423, 0.5631513192999368, 0.5278207162627101, 0.4957762202658283, 0.0], "PV FCFF": [0.0, 16451083833.861786, 15838204915.862595, 15559664192.716852, 15590852656.01187, 16411840018.3516, 17522990441.589714, 18385080778.357666, 18947019059.054123, 19170712082.122955, 19035024383.02375, 0.0], "Price Target USD": [70.72083167931318, 76.40268985889519, 82.54104029975707, 89.17255853620857, 96.3368666909926, 104.07677021030644, 112.43851361860524, 121.47205682127645, 131.2313736060437, 141.774774126592, 153.16525329519604, 165.4708671659337], "Price Target Local": [70.72083167931318, 76.40268985889519, 82.54104029975707, 89.17255853620857, 96.3368666909926, 104.07677021030644, 112.43851361860524, 121.47205682127645, 131.2313736060437, 141.774774126592, 153.16525329519604, 165.4708671659337], "Terminal cash flow": 31968432604.908936, "Terminal cost of capital": 6.4635, "Terminal value": 710409613442.4208, "PV(Terminal value)": 352204192992.9915, "PV (CF over next 10 years)": 172912472360.95288, "Sum of PV": 525116665353.9444, "Value of operating assets": 525116665353.9444, "Debt": 23720000000, "Minority Interests": 0, "Cash Marketable": 89193000000, "Non-operating assets": 0, "Value of equity": 590589665353.9443, "Value of equity in common stock": 590589665353.9443, "Number of shares": 8351000000, "Estimated value /share": 70.72083167931318, "Estimated value /share (Local Currency)": 70.72083167931318, "Current price": 38.63, "Valuation": -83.07230566739108}, "2015Q2": {"Date": [2014, 2015, 2016, 2017, 2018, 2019, 2020, 2021, 2022, 2023, 2024, "Terminal"], "revenueGrowth": [0.0, 6.499484440818592, 8.760043545761087, 11.020602650703582, 13.281161755646076, 13.281161755646076, 11.056296071116861, 8.831430386587646, 6.6065647020584315, 4.3816990175292165, 2.156833333000001, 2.156833333], "Revenues": [93456000000.0, 99530158179.01143, 108249043376.65773, 120178740320.38695, 136139873218.2354, 154220829994.28076, 171271941561.78226, 186397703852.56815, 198712188760.73932, 207419158783.37943, 211892844339.04758, 216463019835.994], "operatingMargin": [26.15455401472351, 26.15455401472351, 26.15455401472351, 26.15455401472351, 26.15455401472351, 26.15455401472351, 26.15455401472351, 26.15455401472351, 26.15455401472351, 26.15455401472351, 26.15455401472351, 26.15455401472351], "OperatingIncome": [24443000000.0, 26031668981.869293, 28312054520.369427, 31432213551.309902, 35606776676.439476, 40335770282.809074, 44795412467.84202, 48751488136.324295, 51972286743.2669, 54249555920.884094, 55419628425.990204, 56614937444.90671], "Effective_tax_rate": [24.211876832844574, 24.211876832844574, 24.211876832844574, 24.211876832844574, 24.211876832844574, 24.211876832844574, 24.76950146627566, 25.327126099706746, 25.88475073313783, 26.442375366568918, 27.000000000000004, 27.0], "EBIT(1-t)": [18524890945.747803, 19728913350.445297, 21457174751.049778, 23821884720.43007, 26985707763.39392, 30569723262.35622, 33699812119.795662, 36404137260.55386, 38519389869.460625, 39904684709.58721, 40456328750.97285, 41328904334.7819], "Reinvestment": [2990690102.5567775, 2990690102.5567775, 4292855552.565373, 5873740117.50208, 7858669592.789167, 8902392213.24928, 8395334645.502678, 7447364102.731045, 6063195433.43638, 4286988962.511069, 2202676769.1890206, 9734758212.140738], "Invested Capital": [46014266666.66666, 49004956769.223434, 51995646871.78021, 56288502424.34559, 62162242541.84767, 70020912134.63684, 78923304347.88612, 87318638993.3888, 94766003096.11984, 100829198529.55623, 105116187492.06729, 107318864261.25632], "cost_to_capital": [0.0, 8.15555429166203, 8.15555429166203, 8.15555429166203, 8.15555429166203, 8.15555429166203, 7.855810099929624, 7.556065908197217, 7.256321716464811, 6.956577524732404, 6.656833332999998, 6.656833333], "ROIC": [40.259015926396316, 40.25901592639632, 41.267252245101524, 42.321049049844255, 43.41173461563444, 43.657990635106955, 42.6994439706303, 41.69114141061011, 40.64684444947091, 39.576516814114996, 38.48724893492349, 9.156833333], "FCFF": [15534200843.191025, 16738223247.88852, 17164319198.484406, 17948144602.92799, 19127038170.60475, 21667331049.10694, 25304477474.292984, 28956773157.82282, 32456194436.024246, 35617695747.07614, 38253651981.78383, 31594146122.64116], "Cumulated discount factor": [0.0, 0.9245942166810127, 0.8548744655199755, 0.7904119868080411, 0.7308103517980638, 0.6757030247631061, 0.6264873669179802, 0.5824751599344556, 0.5430683717405912, 0.5077465868006232, 0.47605631156829464, 0.0], "PV FCFF": [0.0, 15476064412.513403, 14673338200.81861, 14186428635.118334, 13978237494.314651, 14640681128.425125, 15852935464.105154, 16866601076.288599, 17625932665.267723, 18084763445.280987, 18210892466.465195, 0.0], "Price Target USD": [66.98472552269546, 72.78390848249254, 79.08515400563931, 85.93192801126004, 93.37145946767491, 101.45506617728012, 110.23850876615843, 119.78237532023641, 130.15249932120403, 141.42041376511403, 153.6638445961657, 166.96724685937363], "Price Target Local": [66.98472552269546, 72.78390848249254, 79.08515400563931, 85.93192801126004, 93.37145946767491, 101.45506617728012, 110.23850876615843, 119.78237532023641, 130.15249932120403, 141.42041376511403, 153.6638445961657, 166.96724685937363], "Terminal cash flow": 31594146122.64116, "Terminal cost of capital": 6.656833333, "Terminal value": 702092136058.6925, "PV(Terminal value)": 334235392673.2064, "PV (CF over next 10 years)": 159595874988.59778, "Sum of PV": 493831267661.8042, "Value of operating assets": 493831267661.8042, "Debt": 28308000000, "Minority Interests": 0, "Cash Marketable": 90249000000, "Non-operating assets": 0, "Value of equity": 555772267661.8042, "Value of equity in common stock": 555772267661.8042, "Number of shares": 8297000000, "Estimated value /share": 66.98472552269546, "Estimated value /share (Local Currency)": 66.98472552269546, "Current price": 40.59, "Valuation": -65.02765588247216}, "2015Q3": {"Date": [2014, 2015, 2016, 2017, 2018, 2019, 2020, 2021, 2022, 2023, 2024, "Terminal"], "revenueGrowth": [0.0, 6.499484440818592, 8.760043545761087, 11.020602650703582, 13.281161755646076, 13.281161755646076, 11.065096071116862, 8.849030386587646, 6.632964702058431, 4.416899017529216, 2.200833333000001, 2.200833333], "Revenues": [94782000000.0, 100942341342.69669, 109784934400.42772, 121883895791.03445, 138071493145.12485, 156408991488.16467, 173715796660.19507, 189087960292.95853, 201630097955.0327, 210535895770.65176, 215169439942.70242, 219904960699.39084], "operatingMargin": [25.65571522018949, 25.65571522018949, 25.65571522018949, 25.65571522018949, 25.65571522018949, 25.65571522018949, 25.65571522018949, 25.65571522018949, 25.65571522018949, 25.65571522018949, 25.65571522018949, 25.65571522018949], "OperatingIncome": [24317000000.0, 25897479631.47386, 28166110124.445583, 31270185203.420322, 35423229081.57668, 40127845434.973946, 44568030083.62309, 48511868608.42642, 51729643729.5323, 54014489855.19338, 55203258752.57639, 56418190472.10533], "Effective_tax_rate": [25.48435171385991, 25.48435171385991, 25.48435171385991, 25.48435171385991, 25.48435171385991, 25.48435171385991, 25.787481371087928, 26.090611028315948, 26.393740685543968, 26.696870342771987, 27.000000000000007, 27.0], "EBIT(1-t)": [18119970193.740685, 19297674837.16383, 20988159556.218765, 23301181224.60531, 26395848794.021374, 29901524169.131107, 33075057628.347923, 35854825667.23418, 38076255706.00379, 39594311532.242676, 40298378889.38077, 41185279044.636894], "Reinvestment": [2792789467.3131075, 2792789467.3131075, 4008787724.8303246, 5485061631.718438, 7338643895.959694, 8313301062.452949, 7846036527.600629, 6968967187.880253, 5685975502.276072, 4037441588.68204, 2100616287.3384564, 9851491888.810118], "Invested Capital": [42969400000.0, 45762189467.31311, 48554978934.62622, 52563766659.45654, 58048828291.17498, 65387472187.134674, 73700773249.58762, 81546809777.18825, 88515776965.0685, 94201752467.34457, 98239194056.02661, 100339810343.36507], "cost_to_capital": [0.0, 8.256770056707948, 8.256770056707948, 8.256770056707948, 8.256770056707948, 8.256770056707948, 7.945582711966359, 7.634395367224769, 7.32320802248318, 7.0120206777415905, 6.700833333000001, 6.700833333], "ROIC": [42.16947454174525, 42.16947454174525, 43.225555888875874, 44.32935975757986, 45.47180291326271, 45.72974481037422, 44.87749065581614, 43.96839774014573, 43.01634918826962, 42.0313959084447, 41.020673343877675, 9.200833333], "FCFF": [15327180726.427578, 16504885369.850723, 16979371831.388441, 17816119592.88687, 19057204898.06168, 21588223106.678158, 25229021100.747295, 28885858479.353924, 32390280203.727722, 35556869943.56064, 38197762602.04231, 31333787155.826775], "Cumulated discount factor": [0.0, 0.9237297579413941, 0.8532766657064665, 0.7881970478700742, 0.7280810682391451, 0.6725501489262572, 0.623045549460637, 0.5788535786678072, 0.5393554566003496, 0.5040138978634716, 0.47236172588315883, 0.0], "PV FCFF": [0.0, 15246053767.542665, 14488101782.077429, 14042612867.613619, 13875190099.833015, 14519162665.449661, 15718829314.069101, 16720682553.665842, 17469874368.694828, 17921156616.078514, 18043161067.575886, 0.0], "Price Target USD": [66.83541448207657, 72.76179869167288, 79.2136831928724, 86.23766478849933, 93.884472081242, 102.20933184578745, 111.2723678876557, 121.139035269372, 131.88059304004554, 143.57461888250245, 156.30556939485774, 170.1653900529919], "Price Target Local": [66.83541448207657, 72.76179869167288, 79.2136831928724, 86.23766478849933, 93.884472081242, 102.20933184578745, 111.2723678876557, 121.139035269372, 131.88059304004554, 143.57461888250245, 156.30556939485774, 170.1653900529919], "Terminal cash flow": 31333787155.826775, "Terminal cost of capital": 6.700833333, "Terminal value": 696306381240.5948, "PV(Terminal value)": 328908483986.26416, "PV (CF over next 10 years)": 158044825102.6006, "Sum of PV": 486953309088.86475, "Value of operating assets": 486953309088.86475, "Debt": 31868000000, "Minority Interests": 0, "Cash Marketable": 95438000000, "Non-operating assets": 0, "Value of equity": 550523309088.8647, "Value of equity in common stock": 550523309088.8647, "Number of shares": 8237000000, "Estimated value /share": 66.83541448207657, "Estimated value /share (Local Currency)": 66.83541448207657, "Current price": 37.69, "Valuation": -77.32930348123263}, "2015Q4": {"Date": [2015, 2016, 2017, 2018, 2019, 2020, 2021, 2022, 2023, 2024, 2025, "Terminal"], "revenueGrowth": [0.0, 6.464235239618579, 8.736544078294411, 11.008852916970245, 13.281161755646078, 13.281161755646076, 11.06226273791686, 8.843363720187645, 6.624464702458429, 4.405565684729213, 2.1866666669999977, 2.186666667], "Revenues": [93580000000.0, 99629231337.23508, 108333383047.87852, 120259645847.59746, 136231523939.384, 154324652995.95532, 171396451579.7464, 186553663196.43866, 198911844766.02994, 207675036741.904, 212216197546.01923, 216856658399.7329], "operatingMargin": [25.395027427513, 25.395027427513, 25.395027427513, 25.395027427513, 25.395027427513, 25.395027427513, 25.395027427513, 25.395027427513, 25.395027427513, 25.395027427513, 25.395027427513, 25.395027427513], "OperatingIncome": [23764666666.666664, 25300870623.911224, 27511292338.161472, 30539970047.227375, 34596032869.32551, 39190787955.737114, 43526175888.46064, 47375353935.76582, 50513717534.90539, 52739132540.70422, 53892361572.43675, 55070807879.00035], "Effective_tax_rate": [34.11682066245205, 34.11682066245205, 34.11682066245205, 34.11682066245205, 34.11682066245205, 34.11682066245205, 32.69345652996164, 31.270092397471227, 29.84672826498082, 28.42336413249041, 27.0, 27.0], "EBIT(1-t)": [15656917958.970476, 16669017967.11242, 18125314069.228012, 20120703235.84824, 22792966378.97476, 25820137112.676426, 29295964495.21212, 32561036986.42283, 35437025525.722206, 37748896858.343124, 39341423947.87883, 40201689751.67026], "Reinvestment": [2291748081.54134, 2291748081.54134, 3297563255.9341664, 4518258331.926573, 6050937538.155772, 6854572340.331351, 6467641832.779682, 5742301576.44254, 4681890528.656062, 3319930629.08174, 1720416360.4625237, 9569052423.860287], "Invested Capital": [35452733333.33333, 37744481414.874664, 40036229496.416, 43333792752.35017, 47852051084.27674, 53902988622.43251, 60757560962.76386, 67225202795.54355, 72967504371.98608, 77649394900.64215, 80969325529.72389, 82689741890.18642], "cost_to_capital": [0.0, 8.184409090644312, 8.184409090644312, 8.184409090644312, 8.184409090644312, 8.184409090644312, 7.88486060591545, 7.585312121186588, 7.285763636457726, 6.986215151728864, 6.686666667000002, 6.686666667], "ROIC": [44.162795042518056, 44.16279504251806, 45.27228037508021, 46.43189981277836, 47.6321617621613, 47.90112343034538, 48.21780866609601, 48.435758662495765, 48.56548929653034, 48.614540920306574, 48.58805935518948, 9.186666667], "FCFF": [13365169877.429136, 14377269885.57108, 14827750813.293846, 15602444903.921667, 16742028840.818985, 18965564772.345074, 22828322662.432438, 26818735409.98029, 30755134997.066143, 34428966229.26138, 37621007587.416306, 30632637327.80997], "Cumulated discount factor": [0.0, 0.92434761016454, 0.8544185044168965, 0.7897797026381188, 0.7300309806900062, 0.6748023923468827, 0.6254838617364655, 0.5813840657281414, 0.5419023419530158, 0.5065160415147735, 0.474769769586819, 0.0], "PV FCFF": [0.0, 13289595059.418238, 12669104673.760948, 12322494296.646887, 12222199733.40345, 12798008480.588217, 14278747415.864313, 15591985430.341614, 16666279681.9913, 17438823687.891293, 17861317103.901608, 0.0], "Price Target USD": [65.69412442992262, 71.48641890113528, 77.78942381308194, 84.64816884365123, 92.11165396726192, 100.23319951853813, 109.07082712133084, 118.68767420450338, 129.15244506584847, 140.53990170660958, 152.93139794320723, 166.41546061194998], "Price Target Local": [65.69412442992262, 71.48641890113528, 77.78942381308194, 84.64816884365123, 92.11165396726192, 100.23319951853813, 109.07082712133084, 118.68767420450338, 129.15244506584847, 140.53990170660958, 152.93139794320723, 166.41546061194998], "Terminal cash flow": 30632637327.80997, "Terminal cost of capital": 6.686666667, "Terminal value": 680725273951.3326, "PV(Terminal value)": 323187781465.79846, "PV (CF over next 10 years)": 145138555563.80786, "Sum of PV": 468326337029.6063, "Value of operating assets": 468326337029.6063, "Debt": 35292000000, "Minority Interests": 0, "Cash Marketable": 96526000000, "Non-operating assets": 0, "Value of equity": 529560337029.6063, "Value of equity in common stock": 529560337029.6063, "Number of shares": 8061000000, "Estimated value /share": 65.69412442992262, "Estimated value /share (Local Currency)": 65.69412442992262, "Current price": 40.88, "Valuation": -60.6999129890475}, "2016Q1": {"Date": [2015, 2016, 2017, 2018, 2019, 2020, 2021, 2022, 2023, 2024, 2025, "Terminal"], "revenueGrowth": [0.0, 6.464235239618579, 8.736544078294411, 11.008852916970245, 13.281161755646078, 13.281161755646076, 11.006096071116861, 8.731030386587646, 6.455964702058431, 4.1808990175292156, 1.9058333330000004, 1.905833333], "Revenues": [90758000000.0, 96624810618.77304, 105066479789.05064, 116633094014.0655, 132123323890.68832, 149670836253.54684, 166143752282.0562, 180649813779.21945, 192312501991.14014, 200352893497.47354, 204171285725.3784, 208062450145.14734], "operatingMargin": [24.391605515032655, 24.391605515032655, 24.391605515032655, 24.391605515032655, 24.391605515032655, 24.391605515032655, 24.391605515032655, 24.391605515032655, 24.391605515032655, 24.391605515032655, 24.391605515032655, 24.391605515032655], "OperatingIncome": [22137333333.333336, 23568342635.778503, 25627401278.676746, 28448684191.888023, 32226999956.76559, 36507119950.015625, 40525128644.512215, 44063389940.66831, 46908106841.76822, 48869287419.857254, 49800654589.10448, 50749772064.31583], "Effective_tax_rate": [32.28316045023173, 32.28316045023173, 32.28316045023173, 32.28316045023173, 32.28316045023173, 32.28316045023173, 31.226528360185387, 30.16989627013904, 29.113264180092695, 28.05663209004635, 27.000000000000004, 27.0], "EBIT(1-t)": [14990702493.9307, 15959736767.209753, 17354066204.65679, 19264549828.2411, 21823105852.42684, 24721467840.793518, 27870537855.332, 30769510902.461803, 33251625775.044098, 35158211243.4406, 36354477850.046265, 37047333606.950554], "Reinvestment": [2156598160.6415544, 2156598160.6415544, 3103097984.296716, 4251805722.635424, 5694099133.34241, 6450341649.76846, 6055327624.486321, 5332325785.807972, 4287121841.8882947, 2955591148.2656627, 1403614023.0873473, 7928066992.369065], "Invested Capital": [33362000000.0, 35518598160.641556, 37675196321.28311, 40778294305.57983, 45030100028.21525, 50724199161.557655, 57174540811.32612, 63229868435.81244, 68562194221.62041, 72849316063.5087, 75804907211.77435, 77208521234.8617], "cost_to_capital": [0.0, 8.747047079839335, 8.747047079839335, 8.747047079839335, 8.747047079839335, 8.747047079839335, 8.278804330471468, 7.810561581103601, 7.342318831735733, 6.874076082367866, 6.405833332999999, 6.405833333], "ROIC": [44.93346470214825, 44.93346470214826, 46.06231127945921, 47.24216683483269, 48.46337414030344, 48.73702936552062, 48.74641310597273, 48.66293677915423, 48.49848542997553, 48.26155294689426, 47.95794782583617, 8.905833333], "FCFF": [12834104333.289146, 13803138606.5682, 14250968220.360075, 15012744105.605677, 16129006719.08443, 18271126191.02506, 21815210230.84568, 25437185116.65383, 28964503933.155804, 32202620095.174934, 34950863826.958916, 29119266614.58149], "Cumulated discount factor": [0.0, 0.9195651991045102, 0.8456001554041175, 0.777584475266992, 0.7150396228194676, 0.6575255531255976, 0.6072523216259406, 0.5632586573339733, 0.5247312182783274, 0.4909808229583355, 0.4614228445745051, 0.0], "PV FCFF": [0.0, 12692885901.016037, 12050620941.795618, 11673676747.675018, 11532878880.86679, 12013732354.981344, 13247337059.43901, 14327714735.162167, 15198579435.672249, 15810868915.743622, 16127127007.371557, 0.0], "Price Target USD": [61.114269125051294, 66.92601068314987, 73.29042742532071, 80.26007672288459, 87.8925139593035, 96.25076782269885, 105.40386079693485, 115.42737914948405, 126.40409712303625, 138.42466048542695, 151.58833508264263, 166.00382657645548], "Price Target Local": [61.114269125051294, 66.92601068314987, 73.29042742532071, 80.26007672288459, 87.8925139593035, 96.25076782269885, 105.40386079693485, 115.42737914948405, 126.40409712303625, 138.42466048542695, 151.58833508264263, 166.00382657645548], "Terminal cash flow": 29119266614.58149, "Terminal cost of capital": 6.405833333, "Terminal value": 647094813657.3662, "PV(Terminal value)": 298584329627.1912, "PV (CF over next 10 years)": 134675421979.72342, "Sum of PV": 433259751606.9147, "Value of operating assets": 433259751606.9147, "Debt": 38567000000, "Minority Interests": 0, "Cash Marketable": 99355000000, "Non-operating assets": 0, "Value of equity": 494047751606.9147, "Value of equity in common stock": 494047751606.9147, "Number of shares": 8084000000, "Estimated value /share": 61.114269125051294, "Estimated value /share (Local Currency)": 61.114269125051294, "Current price": 42.32, "Valuation": -44.40989868868453}, "2016Q2": {"Date": [2015, 2016, 2017, 2018, 2019, 2020, 2021, 2022, 2023, 2024, 2025, "Terminal"], "revenueGrowth": [0.0, 6.464235239618579, 8.736544078294411, 11.008852916970245, 13.281161755646078, 13.281161755646076, 10.975596071116861, 8.670030386587646, 6.364464702058431, 4.058899017529216, 1.7533333330000005, 1.753333333], "Revenues": [88084000000.0, 93777956968.46564, 101970909514.7396, 113196736961.31409, 128230578699.25943, 145261089276.50912, 161204359684.00323, 175180826653.11035, 186330148530.2217, 193893101098.27557, 197292693470.21906, 200751892028.40594], "operatingMargin": [22.55422853942449, 22.55422853942449, 22.55422853942449, 22.55422853942449, 22.55422853942449, 22.55422853942449, 22.55422853942449, 22.55422853942449, 22.55422853942449, 22.55422853942449, 22.55422853942449, 22.55422853942449], "OperatingIncome": [19866666666.666668, 21150894734.270893, 22998751975.68412, 25530650753.425972, 28921417777.25755, 32762518054.281307, 36358399698.645966, 39510684000.59556, 42025327537.35531, 43731093143.88245, 44497844976.85942, 45278040525.305374], "Effective_tax_rate": [29.27025854051708, 29.27025854051708, 29.27025854051708, 29.27025854051708, 29.27025854051708, 29.27025854051708, 28.816206832413663, 28.362155124310245, 27.908103416206828, 27.45405170810341, 26.999999999999993, 27.0], "EBIT(1-t)": [14051641969.950607, 14959973161.91719, 16266957811.3091, 18057763270.821716, 20456044020.2712, 23172844315.409584, 25881288040.52848, 28304602513.67062, 30296855667.230545, 31725136219.642094, 32483426833.10738, 33052969583.472923], "Reinvestment": [2284671898.699036, 2284671898.699036, 3287381438.5167117, 4504307399.735116, 6032254184.286199, 6833407620.012977, 6397157912.343212, 5607987820.115017, 4473609920.703501, 3034597082.331401, 1364069521.8151343, 6620663365.675372], "Invested Capital": [35343266666.66666, 37627938565.36569, 39912610464.06473, 43199991902.581436, 47704299302.31655, 53736553486.60275, 60569961106.61573, 66967119018.95894, 72575106839.07396, 77048716759.77747, 80083313842.10887, 81447383363.92401], "cost_to_capital": [0.0, 8.061683979360481, 8.061683979360481, 8.061683979360481, 8.061683979360481, 8.061683979360481, 7.700013850088385, 7.3383437208162885, 6.976673591544192, 6.615003462272096, 6.253333333, 6.2533333330000005], "ROIC": [39.7576208856867, 39.7576208856867, 40.75643668046979, 41.800385776791465, 42.88092335375281, 43.12305648926086, 42.72957678637441, 42.26641809939197, 41.745519899006084, 41.17542452855476, 40.56204129758073, 8.753333333], "FCFF": [11766970071.251572, 12675301263.218155, 12979576372.792387, 13553455871.086601, 14423789835.985, 16339436695.396606, 19484130128.18527, 22696614693.555603, 25823245746.527046, 28690539137.31069, 31119357311.292244, 26432306217.79755], "Cumulated discount factor": [0.0, 0.9253973870988328, 0.856360324049347, 0.7924736062903754, 0.7333530046059026, 0.6786429542833805, 0.6301233676979918, 0.5870440570025219, 0.5487589371529346, 0.5147107999176909, 0.4844184965986688, 0.0], "PV FCFF": [0.0, 11729690669.672615, 11115194228.627737, 10740756051.85746, 10577729614.02368, 11088643590.29023, 12277405693.038006, 13323912769.927933, 14170736889.70322, 14767330349.435003, 15074792283.852982, 0.0], "Price Target USD": [58.08187164045993, 63.19769130193119, 68.764109576524, 74.82081494498688, 81.41099162786477, 88.58162748835896, 96.38384905510324, 104.87328605356409, 114.11046804516828, 124.16125600218902, 135.09731189551343, 146.9966096434451], "Price Target Local": [58.08187164045993, 63.19769130193119, 68.764109576524, 74.82081494498688, 81.41099162786477, 88.58162748835896, 96.38384905510324, 104.87328605356409, 114.11046804516828, 124.16125600218902, 135.09731189551343, 146.9966096434451], "Terminal cash flow": 26432306217.79755, "Terminal cost of capital": 6.2533333330000005, "Terminal value": 587384582617.7231, "PV(Terminal value)": 284539956436.914, "PV (CF over next 10 years)": 124866192140.42886, "Sum of PV": 409406148577.3429, "Value of operating assets": 409406148577.3429, "Debt": 44429000000, "Minority Interests": 0, "Cash Marketable": 102640000000, "Non-operating assets": 0, "Value of equity": 467617148577.3429, "Value of equity in common stock": 467617148577.3429, "Number of shares": 8051000000, "Estimated value /share": 58.08187164045993, "Estimated value /share (Local Currency)": 58.08187164045993, "Current price": 46.18, "Valuation": -25.77278397674303}, "2016Q3": {"Date": [2015, 2016, 2017, 2018, 2019, 2020, 2021, 2022, 2023, 2024, 2025, "Terminal"], "revenueGrowth": [0.0, 6.464235239618579, 8.736544078294411, 11.008852916970245, 13.281161755646078, 13.281161755646076, 10.936429404516861, 8.591697053387646, 6.246964702258431, 3.9022323511292156, 1.5575, 1.5575], "Revenues": [86886000000.0, 92502515430.29501, 100584038464.39381, 111657187316.88771, 126486558976.24832, 143285443473.03455, 158955754845.4119, 172612751750.65524, 183395809424.11563, 190552340030.07874, 193520192726.04718, 196534269727.75534], "operatingMargin": [20.839951200423542, 20.839951200423542, 20.839951200423542, 20.839951200423542, 20.839951200423542, 20.839951200423542, 20.839951200423542, 20.839951200423542, 20.839951200423542, 20.839951200423542, 20.839951200423542, 20.839951200423542], "OperatingIncome": [18107000000.0, 19277479074.837738, 20961664531.394917, 23269303348.604904, 26359737165.745094, 29860616497.09086, 33126301740.04872, 35972413230.544785, 38219597187.60746, 39711014673.53355, 40329513727.07382, 40957645903.37299], "Effective_tax_rate": [30.509284543965048, 30.509284543965048, 30.509284543965048, 30.509284543965048, 30.509284543965048, 30.509284543965048, 29.80742763517204, 29.10557072637903, 28.403713817586024, 27.701856908793015, 27.000000000000007, 27.0], "EBIT(1-t)": [12582683847.62425, 13396058130.992172, 14566410654.360245, 16170005378.580648, 18317569948.806618, 20750356043.41124, 23252203320.674965, 25502437055.743244, 27363812180.205284, 28710326211.641487, 29440545020.76389, 29899081509.462284], "Reinvestment": [2101587518.7524016, 2101587518.7524016, 3023943965.214029, 4143350394.119065, 5548853693.546403, 6285805928.170441, 5863516481.681284, 5110174555.007325, 4034804088.3671784, 2677830335.502457, 1110511002.9076042, 5441755121.354075], "Invested Capital": [32511000000.0, 34612587518.7524, 36714175037.50481, 39738119002.718834, 43881469396.8379, 49430323090.3843, 55716129018.55474, 61579645500.23602, 66689820055.24335, 70724624143.61052, 73402454479.11298, 74512965482.02058], "cost_to_capital": [0.0, 7.99576486344924, 7.99576486344924, 7.99576486344924, 7.99576486344924, 7.99576486344924, 7.6081118907593925, 7.220458918069545, 6.832805945379697, 6.445152972689849, 6.057500000000001, 6.0575], "ROIC": [38.70285087393267, 38.70285087393267, 39.675168077398304, 40.69142119553851, 41.74329210162362, 41.979001443038946, 41.7333431633979, 41.4137445069337, 41.0314680074682, 40.59452638920141, 40.10839314527465, 8.557500000000001], "FCFF": [10481096328.87185, 11294470612.23977, 11542466689.146215, 12026654984.461584, 12768716255.260216, 14464550115.240799, 17388686838.993683, 20392262500.73592, 23329008091.838104, 26032495876.13903, 28330034017.856285, 24457326388.108208], "Cumulated discount factor": [0.0, 0.925962236819572, 0.8574060640159051, 0.7939256368988327, 0.7351451586112464, 0.6807166554547488, 0.6325886064665761, 0.5899887137677302, 0.5522542523776575, 0.5188157816066523, 0.48918349160281194, 0.0], "PV FCFF": [0.0, 10458253271.80246, 9896580932.975554, 9548269718.301184, 9386859936.735271, 9846260177.104319, 10999885175.762707, 12031204723.623102, 12883543922.470373, 13506069695.151024, 13858584958.081377, 0.0], "Price Target USD": [54.78307487885534, 59.57558568893687, 64.78735299229737, 70.45505401599429, 76.61857456943545, 83.32128973628316, 90.61036912173397, 98.53710880331757, 107.15729232128126, 116.53158324898936, 126.72595210600754, 137.81214061822502], "Price Target Local": [54.78307487885534, 59.57558568893687, 64.78735299229737, 70.45505401599429, 76.61857456943545, 83.32128973628316, 90.61036912173397, 98.53710880331757, 107.15729232128126, 116.53158324898936, 126.72595210600754, 137.81214061822502], "Terminal cash flow": 24457326388.108208, "Terminal cost of capital": 6.0575, "Terminal value": 543496141957.9601, "PV(Terminal value)": 265869340395.65247, "PV (CF over next 10 years)": 112415512512.00737, "Sum of PV": 378284852907.65985, "Value of operating assets": 378284852907.65985, "Debt": 46394000000, "Minority Interests": 0, "Cash Marketable": 105552000000, "Non-operating assets": 0, "Value of equity": 437442852907.65985, "Value of equity in common stock": 437442852907.65985, "Number of shares": 7985000000, "Estimated value /share": 54.78307487885534, "Estimated value /share (Local Currency)": 54.78307487885534, "Current price": 49.83, "Valuation": -9.939945572657717}, "2016Q4": {"Date": [2016, 2017, 2018, 2019, 2020, 2021, 2022, 2023, 2024, 2025, 2026, "Terminal"], "revenueGrowth": [0.0, 4.480335660543647, 7.413944358911124, 10.347553057278601, 13.281161755646078, 13.281161755646076, 11.045929404516862, 8.810697053387646, 6.57546470225843, 4.340232351129215, 2.1049999999999995, 2.105], "Revenues": [85320000000.0, 89142622385.57584, 95751606809.31668, 105659555127.1075, 119692371553.83469, 135588909029.06839, 150565964200.77386, 163831875172.01614, 174604582295.00015, 182182826862.32178, 186017775367.77365, 189933449539.2653], "operatingMargin": [18.420065635255508, 18.420065635255508, 18.420065635255508, 18.420065635255508, 18.420065635255508, 18.420065635255508, 18.420065635255508, 18.420065635255508, 18.420065635255508, 18.420065635255508, 18.420065635255508, 18.420065635255508], "OperatingIncome": [15716000000.0, 16420129552.41104, 17637508821.087917, 19462559404.33218, 22047413400.610245, 24975566037.28128, 27734349430.13786, 30177938938.155247, 32162278660.90275, 33558196284.203575, 34264596315.98606, 34985866068.43757], "Effective_tax_rate": [16.480178218824364, 16.480178218824364, 16.480178218824364, 16.480178218824364, 16.480178218824364, 16.480178218824364, 18.58414257505949, 20.68810693129462, 22.792071287529748, 24.896035643764876, 27.000000000000004, 27.0], "EBIT(1-t)": [13125975191.129564, 13714062938.411854, 14730815934.01176, 16255094928.553677, 18413960379.548714, 20859548243.17716, 22580158389.77584, 23934694660.968895, 24831829180.815826, 25203535775.88367, 25013155310.669823, 25539682229.959423], "Reinvestment": [1315820819.4737413, 1315820819.4737413, 2274940714.2986417, 3410508117.1534805, 4830367780.980607, 5471896739.365255, 5155393083.998872, 4566384038.117911, 3708174882.2490945, 2608578868.363283, 1320063709.1762187, 5904561350.2542095], "Invested Capital": [29368800000.0, 30684620819.47374, 32000441638.94748, 34275382353.24612, 37685890470.3996, 42516258251.3802, 47988154990.74546, 53143548074.74433, 57709932112.86224, 61418106995.111336, 64026685863.47462, 65346749572.65083], "cost_to_capital": [0.0, 8.539525314620583, 8.539525314620583, 8.539525314620583, 8.539525314620583, 8.539525314620583, 8.152620251696467, 7.765715188772351, 7.378810125848235, 6.991905062924118, 6.605000000000002, 6.605], "ROIC": [44.693604066661095, 44.6936040666611, 46.03316448008956, 47.42498496742285, 48.861683111911525, 49.06252125914678, 47.053608112523676, 45.03781837694705, 43.02869241338333, 41.03600226215012, 39.06676563582547, 9.105], "FCFF": [11810154371.655823, 12398242118.938112, 12455875219.71312, 12844586811.400196, 13583592598.568108, 15387651503.811903, 17424765305.77697, 19368310622.850983, 21123654298.56673, 22594956907.520386, 23693091601.493603, 19635120879.705215], "Cumulated discount factor": [0.0, 0.921323358565764, 0.8488367310388993, 0.7820531079147428, 0.7205237959608047, 0.6638354036211619, 0.6137950260255012, 0.5695642857752312, 0.5304252162113738, 0.4957620073214137, 0.4650457364301991, 0.0], "PV FCFF": [0.0, 11422790069.331575, 10573004403.729717, 10045149035.73624, 9787301701.905384, 10214867846.814753, 10695234274.347626, 11031498006.576944, 11204518898.491575, 11201721191.813148, 11018371232.124758, 0.0], "Price Target USD": [46.621725589993744, 51.00070868818271, 55.79099129816711, 61.031205057614834, 66.76361011185332, 73.03443592437175, 79.89425409822394, 87.39838621498166, 95.60734998028977, 104.58734727400174, 114.41079804081699, 125.15692432702586], "Price Target Local": [46.621725589993744, 51.00070868818271, 55.79099129816711, 61.031205057614834, 66.76361011185332, 73.03443592437175, 79.89425409822394, 87.39838621498166, 95.60734998028977, 104.58734727400174, 114.41079804081699, 125.15692432702586], "Terminal cash flow": 19635120879.705215, "Terminal cost of capital": 6.605, "Terminal value": 436336019549.0048, "PV(Terminal value)": 202916205542.1887, "PV (CF over next 10 years)": 107194456660.87173, "Sum of PV": 310110662203.0604, "Value of operating assets": 310110662203.0604, "Debt": 53687000000, "Minority Interests": 0, "Cash Marketable": 113240000000, "Non-operating assets": 0, "Value of equity": 369663662203.0604, "Value of equity in common stock": 369663662203.0604, "Number of shares": 7929000000, "Estimated value /share": 46.621725589993744, "Estimated value /share (Local Currency)": 46.621725589993744, "Current price": 50.57, "Valuation": 7.807542831730781}}