{"2014Q3": {"Date": [2013, 2014, 2015, 2016, 2017, 2018, 2019, 2020, 2021, 2022, 2023, "Terminal"], "revenueGrowth": [0.0, 142.20028175867373, 98.02270196438212, 53.84512217009053, 9.66754237579893, 9.66754237579894, 8.235867234039151, 6.804192092279363, 5.372516950519575, 3.9408418087597874, 2.5091666669999997, 2.509166667], "Revenues": [2856914000.0, 6919453757.602995, 13702089291.981419, 21079996011.103706, 23117913558.29388, 25352847647.942513, 27440874520.275276, 29308004334.43615, 30882581835.162743, 32099615531.747288, 32905048384.90505, 33730690890.73931], "operatingMargin": [3.999735378803842, 4.455978168341342, 4.912220957878842, 5.3684637474163415, 5.824706536953841, 6.28094932649134, 6.28094932649134, 6.28094932649134, 6.28094932649134, 6.28094932649134, 6.28094932649134, 6.28094932649134], "OperatingIncome": [114269000.0, 308329348.8072641, 673076901.8679838, 1131671943.8129134, 1346550622.237282, 1592399513.5898209, 1723547423.3645637, 1840820900.8518202, 1939719315.7787914, 2016160585.547591, 2066749414.9133434, 2118607602.3227668], "Effective_tax_rate": [0.0, 0.0, 0.0, 0.0, 0.0, 0.0, 5.4, 10.8, 16.200000000000003, 21.6, 27.0, 27.0], "EBIT(1-t)": [114269000.0, 308329348.8072641, 673076901.8679838, 1131671943.8129134, 1346550622.237282, 1592399513.5898209, 1630475862.5028772, 1642012243.5598238, 1625484786.6226273, 1580669899.0693114, 1508727072.8867407, 1546583549.6956198], "Reinvestment": [2676667756.406629, 2676667756.406629, 4468845333.599989, 4861049048.9088545, 1342713798.3254385, 1472521223.7642534, 1375729109.6595492, 1230187633.5454443, 1037434973.5951738, 801861655.1411394, 530672012.2463482, 408094213.354562], "Invested Capital": [1882322400.0, 4558990156.40663, 7235657912.813259, 11704503246.413248, 16565552295.322102, 17908266093.64754, 19380787317.411793, 20756516427.071342, 21986704060.616787, 23024139034.21196, 23826000689.3531, 24356672701.59945], "cost_to_capital": [0.0, 8.482307314788473, 8.482307314788473, 8.482307314788473, 8.482307314788473, 8.482307314788473, 8.18767918523078, 7.893051055673085, 7.59842292611539, 7.303794796557695, 7.009166667000001, 7.009166667000001], "ROIC": [6.07063912111974, 6.763106263214386, 9.302221166040287, 9.668688367100971, 8.128618945095663, 8.89198041431091, 8.412846370993659, 7.910827663828293, 7.393035273232436, 6.8652725590327925, 6.332271590846261, 9.509166667], "FCFF": [-2562398756.406629, -2368338407.599365, -3795768431.732005, -3729377105.095941, 3836823.9118435383, 119878289.82556748, 254746752.843328, 411824610.0143795, 588049813.0274534, 778808243.928172, 978055060.6403925, 1138489336.3410578], "Cumulated discount factor": [0.0, 0.921809302136477, 0.8497323895053388, 0.7832912209726774, 0.7220451337744528, 0.6655879208756675, 0.6152160078562163, 0.5702091115569281, 0.5299418858104209, 0.49387059126395544, 0.4615217617765615, 0.0], "PV FCFF": [0.0, -2183156374.7321863, -3225387379.504569, -2921188346.118149, 2770360.034696087, 79789541.68313015, 156724280.2986065, 234826144.99357772, 311632226.86623406, 384630487.91004914, 451393694.70123565, 0.0], "Price Target USD": [2.599365864322613, 2.8154602072120922, 3.0495192258979906, 3.303036386484766, 3.5776293121187535, 3.875050104595733, 4.197196524039707, 4.546124097987334, 4.924059237142747, 5.333413441490784, 5.776798687413911, 6.257044093993806], "Price Target Local": [2.599365864322613, 2.8154602072120922, 3.0495192258979906, 3.303036386484766, 3.5776293121187535, 3.875050104595733, 4.197196524039707, 4.546124097987334, 4.924059237142747, 5.333413441490784, 5.776798687413911, 6.257044093993806], "Terminal cash flow": 1138489336.3410578, "Terminal cost of capital": 7.009166667000001, "Terminal value": 25299763029.801277, "PV(Terminal value)": 11676391206.043404, "PV (CF over next 10 years)": -6707965363.867374, "Sum of PV": 4968425842.176029, "Value of operating assets": 4968425842.176029, "Debt": 2468820000, "Minority Interests": 0, "Cash Marketable": 2370735000, "Non-operating assets": 0, "Value of equity": 4870340842.176029, "Value of equity in common stock": 4870340842.176029, "Number of shares": 1873665000, "Estimated value /share": 2.599365864322613, "Estimated value /share (Local Currency)": 2.599365864322613, "Current price": 16.01, "Valuation": 83.76411077874695}, "2014Q1": {"Date": [2013, 2014, 2015, 2016, 2017, 2018, 2019, 2020, 2021, 2022, 2023, "Terminal"], "revenueGrowth": [0.0, 142.20028175867373, 98.02270196438212, 53.84512217009053, 9.66754237579893, 9.66754237579894, 8.282600567239152, 6.8976587586793645, 5.512716950119577, 4.127775141559789, 2.7428333330000014, 2.742833333], "Revenues": [2072246000.0, 5018985650.732845, 9938730996.785807, 15290252844.161781, 16768444517.23792, 18389540996.70423, 19912673223.609932, 21286181472.30546, 22459628406.362457, 23386711364.60699, 24028169879.407932, 24687222532.1702], "operatingMargin": [1.4749214137703728, 2.436126996314566, 3.3973325788587596, 4.3585381614029535, 5.319743743947147, 6.28094932649134, 6.28094932649134, 6.28094932649134, 6.28094932649134, 6.28094932649134, 6.28094932649134, 6.28094932649134], "OperatingIncome": [30564000.0, 122268864.37865715, 337651746.0789381, 666431505.1877917, 892038278.1630127, 1155037751.3773434, 1250704914.7247496, 1336974271.8204944, 1410677879.1218805, 1468907489.9437566, 1509197174.2088675, 1550591937.3637626], "Effective_tax_rate": [0.0, 0.0, 0.0, 0.0, 0.0, 0.0, 5.4, 10.8, 16.200000000000003, 21.6, 27.0, 27.0], "EBIT(1-t)": [30564000.0, 122268864.37865715, 337651746.0789381, 666431505.1877917, 892038278.1630127, 1155037751.3773434, 1183166849.329613, 1192581050.463881, 1182148062.704136, 1151623472.1159053, 1101713937.1724732, 1131932114.2755468], "Reinvestment": [1694760306.4342477, 1694760306.4342477, 2829496364.9678373, 3077824267.132968, 850153345.6503496, 932342280.600372, 876000035.8255643, 789946699.183382, 674885304.1876894, 533193829.3271772, 368922455.9891261, 318665118.0013709], "Invested Capital": [1191812200.0, 2886572506.434248, 4581332812.868496, 7410829177.836333, 10488653444.969301, 11338806790.619652, 12271149071.220024, 13147149107.045588, 13937095806.22897, 14611981110.416658, 15145174939.743835, 15514097395.732962], "cost_to_capital": [0.0, 8.538944776863657, 8.538944776863657, 8.538944776863657, 8.538944776863657, 8.538944776863657, 8.279722488090925, 8.020500199318194, 7.761277910545463, 7.502055621772731, 7.242833333, 7.242833333], "ROIC": [2.5644979972515807, 4.235780120059917, 7.370164095708325, 8.992671254397516, 8.504793135203293, 10.186589935837702, 9.641858659386166, 9.071023997322538, 8.482025804657187, 7.881364364035007, 7.274355968522787, 9.742833333], "FCFF": [-1664196306.4342477, -1572491442.0555906, -2491844618.8888993, -2411392761.945176, 41884932.512663126, 222695470.77697146, 307166813.5040487, 402634351.280499, 507262758.5164465, 618429642.788728, 732791481.1833471, 813266996.2741759], "Cumulated discount factor": [0.0, 0.9213282864098395, 0.8488458113388914, 0.7820656567870308, 0.7205392114275808, 0.6638531569556702, 0.6130909294015633, 0.5675690524208784, 0.5266910929657196, 0.4899358341749208, 0.4568471560739353, 0.0], "PV FCFF": [0.0, -1448780845.703215, -2115191867.2511983, -1885867464.1421463, 30179736.24337173, 147837091.3150217, 188321187.17251387, 228522797.2283679, 267170776.70383307, 302990842.91819376, 334773704.17381877, 0.0], "Price Target USD": [2.531535969708804, 2.7428412697491216, 2.9717840556317854, 3.2198365143146215, 3.488593715033473, 3.779783866188508, 4.095279428364694, 4.437109154947279, 4.807471137757906, 5.208746941599616, 5.643516918601127, 6.114576800837282], "Price Target Local": [2.531535969708804, 2.7428412697491216, 2.9717840556317854, 3.2198365143146215, 3.488593715033473, 3.779783866188508, 4.095279428364694, 4.437109154947279, 4.807471137757906, 5.208746941599616, 5.643516918601127, 6.114576800837282], "Terminal cash flow": 813266996.2741759, "Terminal cost of capital": 7.242833333, "Terminal value": 18072599917.20391, "PV(Terminal value)": 8256415875.036645, "PV (CF over next 10 years)": -3950044041.3414392, "Sum of PV": 4306371833.695206, "Value of operating assets": 4306371833.695206, "Debt": 2200754000, "Minority Interests": 0, "Cash Marketable": 2583019000, "Non-operating assets": 0, "Value of equity": 4688636833.695206, "Value of equity in common stock": 4688636833.695206, "Number of shares": 1852091730, "Estimated value /share": 2.531535969708804, "Estimated value /share (Local Currency)": 2.531535969708804, "Current price": 12.15, "Valuation": 79.1643130065119}, "2014Q2": {"Date": [2013, 2014, 2015, 2016, 2017, 2018, 2019, 2020, 2021, 2022, 2023, "Terminal"], "revenueGrowth": [0.0, 142.20028175867373, 98.02270196438212, 53.84512217009053, 9.66754237579893, 9.66754237579894, 8.255767234039151, 6.843992092279363, 5.4322169505195745, 4.020441808759786, 2.6086666669999983, 2.608666667], "Revenues": [2436456000.0, 5901103296.926111, 11685524194.28232, 17977608972.909122, 19715601938.520542, 21621616110.570854, 23406646408.897095, 25008595438.189804, 26367116598.670013, 27427191178.16738, 28142675172.126595, 28876823758.543945], "operatingMargin": [2.418832927826318, 3.1912562075593227, 3.9636794872923273, 4.736102767025332, 5.508526046758337, 6.28094932649134, 6.28094932649134, 6.28094932649134, 6.28094932649134, 6.28094932649134, 6.28094932649134, 6.28094932649134], "OperatingIncome": [58933800.0, 188319325.27764237, 463176725.4713503, 851438036.0109433, 1086039068.0585957, 1358042751.4734433, 1470159599.9738317, 1570777206.7399266, 1656105232.4193506, 1722687979.5805964, 1767627166.680331, 1813738667.3743572], "Effective_tax_rate": [0.0, 0.0, 0.0, 0.0, 0.0, 0.0, 5.4, 10.8, 16.200000000000003, 21.6, 27.0, 27.0], "EBIT(1-t)": [58933800.0, 188319325.27764237, 463176725.4713503, 851438036.0109433, 1086039068.0585957, 1358042751.4734433, 1390770981.5752447, 1401133268.4120145, 1387816184.7674158, 1350587375.9911876, 1290367831.6766417, 1324029227.1832807], "Reinvestment": [2073805395.8822794, 2073805395.8822794, 3462333173.028709, 3766201361.0568395, 1040296134.4111886, 1140867204.0391908, 1068450883.2303396, 958865435.9775802, 813158821.5411346, 634520109.7236432, 428261361.1655213, 359462038.88506633], "Invested Capital": [1458369400.0, 3532174795.8822794, 5605980191.764559, 9068313364.793268, 12834514725.850107, 13874810860.261295, 15015678064.300486, 16084128947.530825, 17042994383.508406, 17856153205.04954, 18490673314.773186, 18918934675.938705], "cost_to_capital": [0.0, 8.685599800767699, 8.685599800767699, 8.685599800767699, 8.685599800767699, 8.685599800767699, 8.37021317401416, 8.05482654726062, 7.739439920507079, 7.4240532937535395, 7.108666667, 7.108666667], "ROIC": [4.04107491558723, 5.331540372723918, 8.262189833488497, 9.38915542240256, 8.461863118760501, 9.78782893079285, 9.262125730317692, 8.711278509285462, 8.143030230123946, 7.563708490187321, 6.978479418841379, 9.608666667], "FCFF": [-2014871595.8822794, -1885486070.6046371, -2999156447.5573587, -2914763325.045896, 45742933.647407055, 217175547.4342525, 322320098.344905, 442267832.4344343, 574657363.2262812, 716067266.2675444, 862106470.5111203, 964567188.2982144], "Cumulated discount factor": [0.0, 0.9200850911556882, 0.846556574966971, 0.7789040834469326, 0.7166580346198087, 0.659386373110623, 0.6084572077493483, 0.5631004437207843, 0.52265024222908, 0.48652999603345903, 0.45423961587168005, 0.0], "PV FCFF": [0.0, -1734807623.145048, -2538955610.0342655, -2270321056.1596074, 32782040.92549506, 143202596.5509858, 196117987.04043624, 249041212.6872594, 300344810.08894026, 348388204.21683824, 391602912.00546116, 0.0], "Price Target USD": [2.7247309427907345, 2.9573546714607093, 3.209838635976539, 3.483878402693849, 3.781314296836621, 4.104143761276251, 4.454534770440572, 4.834840389434499, 5.247614576144657, 5.695629332447674, 6.181893319701779, 6.709672063534794], "Price Target Local": [2.7247309427907345, 2.9573546714607093, 3.209838635976539, 3.483878402693849, 3.781314296836621, 4.104143761276251, 4.454534770440572, 4.834840389434499, 5.247614576144657, 5.695629332447674, 6.181893319701779, 6.709672063534794], "Terminal cash flow": 964567188.2982144, "Terminal cost of capital": 7.108666667, "Terminal value": 21434826406.62699, "PV(Terminal value)": 9736547313.22239, "PV (CF over next 10 years)": -4882604525.823505, "Sum of PV": 4853942787.398884, "Value of operating assets": 4853942787.398884, "Debt": 2450618000, "Minority Interests": 0, "Cash Marketable": 2674910000, "Non-operating assets": 0, "Value of equity": 5078234787.398884, "Value of equity in common stock": 5078234787.398884, "Number of shares": 1863756420, "Estimated value /share": 2.7247309427907345, "Estimated value /share (Local Currency)": 2.7247309427907345, "Current price": 16.54, "Valuation": 83.5264150980004}, "2014Q4": {"Date": [2014, 2015, 2016, 2017, 2018, 2019, 2020, 2021, 2022, 2023, 2024, "Terminal"], "revenueGrowth": [0.0, 125.52940696975311, 86.90878543843505, 48.28816390711699, 9.66754237579893, 9.66754237579894, 8.178333900639151, 6.689125425479363, 5.199916950319574, 3.710708475159786, 2.221499999999998, 2.2215], "Revenues": [3198356000.0, 7213233319.581518, 13482166788.470325, 19992457585.517765, 21925236894.56132, 24044868462.33734, 26011338091.15677, 27751269120.919735, 29194312067.867245, 30277627880.034195, 30950245383.389153, 31637805084.581146], "operatingMargin": [3.5196019454995002, 4.071871421697868, 4.624140897896236, 5.176410374094604, 5.728679850292972, 6.28094932649134, 6.28094932649134, 6.28094932649134, 6.28094932649134, 6.28094932649134, 6.28094932649134, 6.28094932649134], "OperatingIncome": [112569400.0, 293713586.12042826, 623434388.3882399, 1034891648.4932052, 1256026628.107735, 1510246003.740906, 1633758964.6478965, 1743043150.9432075, 1833679947.2004879, 1901722464.4085622, 1943969228.955398, 1987154505.3766425], "Effective_tax_rate": [0.0, 0.0, 0.0, 0.0, 0.0, 0.0, 5.4, 10.8, 16.200000000000003, 21.6, 27.0, 27.0], "EBIT(1-t)": [112569400.0, 293713586.12042826, 623434388.3882399, 1034891648.4932052, 1256026628.107735, 1510246003.740906, 1545535980.55691, 1554794490.6413412, 1536623795.7540088, 1490950412.0963128, 1419097537.1374407, 1450622788.924949], "Reinvestment": [3026431403.6909623, 3026431403.6909623, 4725548406.015047, 4907484574.746192, 1456937169.3537176, 1597787187.589757, 1482333074.0486875, 1311567325.618772, 1087771840.553252, 816608013.9152979, 507021901.98873484, 349461424.4533725], "Invested Capital": [2410934200.0, 5437365603.690962, 8463797007.381924, 13189345413.39697, 18096829988.14316, 19553767157.49688, 21151554345.086636, 22633887419.135323, 23945454744.754093, 25033226585.307346, 25849834599.222645, 26356856501.21138], "cost_to_capital": [0.0, 8.999015672980192, 8.999015672980192, 8.999015672980192, 8.999015672980192, 8.999015672980192, 8.543512538384153, 8.088009403788114, 7.632506269192075, 7.177003134596037, 6.721499999999998, 6.7215], "ROIC": [4.669119547103359, 5.401762683036272, 7.3658948559907, 7.846421608171869, 6.940589202256247, 7.723555218677544, 7.306961726507478, 6.8693214817657635, 6.417183603876424, 5.955885898349957, 5.489774148033101, 9.221499999999999], "FCFF": [-2913862003.6909623, -2732717817.570534, -4102114017.626807, -3872592926.252987, -200910541.24598265, -87541183.84885097, 63202906.50822258, 243227165.02256918, 448851955.2007568, 674342398.1810149, 912075635.1487058, 1101161364.4715765], "Cumulated discount factor": [0.0, 0.917439477618962, 0.841695195093754, 0.7722044001012041, 0.7084508014439126, 0.6499607331954381, 0.5988020085176377, 0.5539948527321585, 0.5147096095175941, 0.48024258419617, 0.44999609656551864, 0.0], "PV FCFF": [0.0, -2507103207.031941, -3452729658.363219, -2990433297.4533544, -142335233.96424666, -56898332.03919582, 37846027.36127616, 134746597.46713865, 231028414.59259018, 323847935.93549323, 410430475.5894338, 0.0], "Price Target USD": [1.2842547889762008, 1.39763812040442, 1.5210317550498145, 1.6553194751159725, 1.8014630895122108, 1.960509322617324, 2.1335973112333844, 2.3219667634250203, 2.526966837680229, 2.7500658059879313, 2.9928615700421317, 3.257093105892886], "Price Target Local": [1.2842547889762008, 1.39763812040442, 1.5210317550498145, 1.6553194751159725, 1.8014630895122108, 1.960509322617324, 2.1335973112333844, 2.3219667634250203, 2.526966837680229, 2.7500658059879313, 2.9928615700421317, 3.257093105892886], "Terminal cash flow": 1101161364.4715765, "Terminal cost of capital": 6.7215, "Terminal value": 24470252543.812813, "PV(Terminal value)": 11011518126.68822, "PV (CF over next 10 years)": -8011600277.906025, "Sum of PV": 2999917848.782194, "Value of operating assets": 2999917848.782194, "Debt": 2488079000, "Minority Interests": 0, "Cash Marketable": 1905713000, "Non-operating assets": 0, "Value of equity": 2417551848.782194, "Value of equity in common stock": 2417551848.782194, "Number of shares": 1882455000, "Estimated value /share": 1.2842547889762008, "Estimated value /share (Local Currency)": 1.2842547889762008, "Current price": 13.81, "Valuation": 90.7005446127719}, "2021Q3": {"Date": [2020, 2021, 2022, 2023, 2024, 2025, 2026, 2027, 2028, 2029, 2030, "Terminal"], "revenueGrowth": [0.0, 49.160260217152135, 35.99602093670107, 22.83178165625001, 9.667542375798943, 9.66754237579894, 7.998967234039152, 6.330392092279364, 4.661816950519577, 2.993241808759789, 1.3246666670000014, 1.324666667], "Revenues": [46848000000.0, 69878598706.53143, 95032113727.20781, 116729638436.7231, 128014525697.71019, 140390384216.71436, 151620165049.951, 161218315988.574, 168734018770.67154, 173784635966.11588, 176086703111.1263, 178419264972.25864], "operatingMargin": [12.006845116120218, 12.006845116120218, 12.006845116120218, 12.006845116120218, 12.006845116120218, 12.006845116120218, 12.006845116120218, 12.006845116120218, 12.006845116120218, 12.006845116120218, 12.006845116120218, 12.006845116120218], "OperatingIncome": [5624966800.0, 8390215116.008415, 11410358705.801062, 14015546891.704477, 15370505826.659977, 16856455990.826977, 18204798382.353455, 19357233499.565357, 20259632291.99975, 20866052076.064884, 21142457712.63538, 21422524802.539227], "Effective_tax_rate": [11.989234157083436, 11.989234157083436, 11.989234157083436, 11.989234157083436, 11.989234157083436, 11.989234157083436, 14.991387325666748, 17.993540494250063, 20.995693662833375, 23.997846831416688, 27.0, 27.0], "EBIT(1-t)": [4950576359.089797, 7384292579.467156, 10042344082.399416, 12335190156.462198, 13527699891.973558, 14835496011.50101, 15475646544.998133, 15874181851.254526, 16005981958.755013, 15858648859.08719, 15433994130.223827, 15638443105.853636], "Reinvestment": [11890974491.16512, 11890974491.16512, 12987061660.241484, 11202692388.934793, 5826522717.275959, 6389804270.00417, 5798070607.323034, 4955640512.339412, 3880447538.6805997, 2607694268.0016623, 1188584892.9539664, 2488474930.560276], "Invested Capital": [24188184600.0, 36079159091.165115, 47970133582.33023, 60957195242.57172, 72159887631.50652, 77986410348.78247, 84376214618.78664, 90174285226.10966, 95129925738.44908, 99010373277.12968, 101618067545.13135, 102806652438.08531], "cost_to_capital": [0.0, 6.461700546334879, 6.461700546334879, 6.461700546334879, 6.461700546334879, 6.461700546334879, 6.334293770467903, 6.206886994600928, 6.079480218733952, 5.952073442866976, 5.824666667000001, 5.824666667], "ROIC": [20.466919865866235, 20.466919865866235, 20.93457602148206, 20.23582303512459, 18.746841681703344, 19.023181019810362, 18.341242985262376, 17.60388985779087, 16.825390995008213, 16.01715894424404, 15.188238177594915, 8.324666666999999], "FCFF": [-6940398132.075322, -4506681911.697963, -2944717577.8420677, 1132497767.5274048, 7701177174.697599, 8445691741.4968405, 9677575937.675098, 10918541338.915115, 12125534420.074413, 13250954591.08553, 14245409237.269861, 13149968175.29336], "Cumulated discount factor": [0.0, 0.9393049283152998, 0.8822937483574105, 0.8287428660538946, 0.7784422583905696, 0.731194649715154, 0.6876376602392292, 0.6474511019932122, 0.6103452813477026, 0.5760578925119592, 0.5443512468833459, 0.0], "PV FCFF": [0.0, -4233148530.0073133, -2598105909.6082325, 938549445.6602987, 5994921752.137506, 6175444614.525951, 6654665674.57037, 7069221622.039034, 7400762717.111569, 7633316975.5124, 7754506280.671383, 0.0], "Price Target USD": [61.84662531984328, 65.86930187390585, 70.15362450121687, 74.71661139022034, 79.57638763967739, 84.75225725519252, 90.26477982859404, 96.13585220475495, 102.3887954602508, 109.04844753935156, 116.14126191531602, 123.69541266889131], "Price Target Local": [61.84662531984328, 65.86930187390585, 70.15362450121687, 74.71661139022034, 79.57638763967739, 84.75225725519252, 90.26477982859404, 96.13585220475495, 102.3887954602508, 109.04844753935156, 116.14126191531602, 123.69541266889131], "Terminal cash flow": 13149968175.29336, "Terminal cost of capital": 5.824666667, "Terminal value": 292221515006.5191, "PV(Terminal value)": 159071146059.93906, "PV (CF over next 10 years)": 42790134642.61296, "Sum of PV": 201861280702.552, "Value of operating assets": 201861280702.552, "Debt": 8154000000, "Minority Interests": 1441000000, "Cash Marketable": 16095000000, "Non-operating assets": 0, "Value of equity": 208361280702.552, "Value of equity in common stock": 208361280702.552, "Number of shares": 3369000000, "Estimated value /share": 61.84662531984328, "Estimated value /share (Local Currency)": 61.84662531984328, "Current price": 341.62, "Valuation": 81.89607595578617}, "2021Q1": {"Date": [2020, 2021, 2022, 2023, 2024, 2025, 2026, 2027, 2028, 2029, 2030, "Terminal"], "revenueGrowth": [0.0, 49.160260217152135, 35.99602093670107, 22.83178165625001, 9.667542375798943, 9.66754237579894, 7.998567234039152, 6.3295920922793645, 4.660616950519577, 2.991641808759789, 1.322666667000001, 1.322666667], "Revenues": [35940000000.0, 53608197522.04448, 72905015525.86768, 89550529487.18896, 98207864873.11528, 107702151826.09106, 116316780852.40788, 123679158615.23581, 129443370445.91748, 133315852434.84537, 135079176776.82799, 136865824022.1131], "operatingMargin": [8.235576516416248, 8.235576516416248, 8.235576516416248, 8.235576516416248, 8.235576516416248, 8.235576516416248, 8.235576516416248, 8.235576516416248, 8.235576516416248, 8.235576516416248, 8.235576516416248, 8.235576516416248], "OperatingIncome": [2959866200.0, 4414944125.999533, 6004148337.937979, 7375002376.773342, 8087983856.764084, 8869893123.464529, 9579357488.532255, 10185691742.617563, 10660407818.50167, 10979329035.784266, 11124548961.200836, 11271689662.164736], "Effective_tax_rate": [22.201607915893632, 22.201607915893632, 22.201607915893632, 22.201607915893632, 22.201607915893632, 22.201607915893632, 23.161286332714905, 24.120964749536178, 25.08064316635745, 26.040321583178724, 26.999999999999996, 27.0], "EBIT(1-t)": [2302728311.44094, 3434755541.4393396, 4671130865.2603445, 5737633265.294289, 6292321392.58455, 6900634229.634124, 7360655071.778933, 7728804627.884363, 7986708973.464796, 8120276447.190726, 8120920741.67661, 8228333453.380257], "Reinvestment": [11260468295.58327, 11260468295.58327, 12298436615.652441, 10608681615.161037, 5517577586.271735, 6050991737.542143, 5490359551.8456135, 4692262539.797434, 3673703810.897069, 2468048062.465505, 1123819100.5591555, 1307674909.8819897], "Invested Capital": [22905632000.0, 34166100295.583267, 45426568591.166534, 57725005206.81898, 68333686821.98001, 73851264408.25174, 79902256145.79388, 85392615697.6395, 90084878237.43694, 93758582048.334, 96226630110.7995, 97350449211.35866], "cost_to_capital": [0.0, 5.687432904534279, 5.687432904534279, 5.687432904534279, 5.687432904534279, 5.687432904534279, 5.714479657027423, 5.741526409520568, 5.768573162013713, 5.795619914506857, 5.822666667000002, 5.822666667], "ROIC": [10.05310969564577, 10.053109695645771, 10.282816884761738, 9.93959765744033, 9.20822757445685, 9.343962198788141, 9.212074135113648, 9.050905121879303, 8.865759858623782, 8.660835381452973, 8.43936936409997, 8.322666667], "FCFF": [-8957739984.14233, -7825712754.1439295, -7627305750.3920965, -4871048349.866749, 774743806.3128147, 849642492.0919809, 1870295519.933319, 3036542088.0869293, 4313005162.567727, 5652228384.725222, 6997101641.117455, 6920658543.498267], "Cumulated discount factor": [0.0, 0.9461862896256393, 0.8952684946755343, 0.8470907751957752, 0.8015056775585971, 0.7583736831630531, 0.7173791950009752, 0.6784271225882219, 0.6414259947981182, 0.6062878551271336, 0.5729281582319073, 0.0], "PV FCFF": [0.0, -7404582114.519487, -6828486537.583578, -4126220122.704726, 620961559.4130791, 644346506.0996308, 1341711094.503695, 2060072511.4388466, 2766473626.9694242, 3426877424.0637574, 4008836556.2068796, 0.0], "Price Target USD": [25.832301825722038, 27.319254985496755, 28.891799809316, 30.554863105334928, 32.313655277533925, 34.17368664999785, 36.14078473084977, 38.221112469927384, 40.42118756740371, 42.74790289384627, 45.20854808569111, 47.8108323837907], "Price Target Local": [25.832301825722038, 27.319254985496755, 28.891799809316, 30.554863105334928, 32.313655277533925, 34.17368664999785, 36.14078473084977, 38.221112469927384, 40.42118756740371, 42.74790289384627, 45.20854808569111, 47.8108323837907], "Terminal cash flow": 6920658543.498267, "Terminal cost of capital": 5.822666667, "Terminal value": 153792412077.73926, "PV(Terminal value)": 88112003401.7417, "PV (CF over next 10 years)": -3490009496.112481, "Sum of PV": 84621993905.62921, "Value of operating assets": 84621993905.62921, "Debt": 12511000000, "Minority Interests": 1448000000, "Cash Marketable": 17141000000, "Non-operating assets": 0, "Value of equity": 87803993905.62921, "Value of equity in common stock": 87803993905.62921, "Number of shares": 3399000000, "Estimated value /share": 25.832301825722038, "Estimated value /share (Local Currency)": 25.832301825722038, "Current price": 231.47, "Valuation": 88.83989206993476}, "2021Q2": {"Date": [2020, 2021, 2022, 2023, 2024, 2025, 2026, 2027, 2028, 2029, 2030, "Terminal"], "revenueGrowth": [0.0, 49.160260217152135, 35.99602093670107, 22.83178165625001, 9.667542375798943, 9.66754237579894, 8.051433900639152, 6.435325425479364, 4.819216950319577, 3.2031084751597887, 1.5870000000000006, 1.587], "Revenues": [41862000000.0, 62441468132.10423, 84917912074.12, 104306184345.92944, 114390028918.15114, 125448733437.50206, 135549155289.41156, 144272184543.77356, 151224974115.90344, 156068874078.36813, 158545687109.99185, 161061807164.42743], "operatingMargin": [10.086495150733361, 10.086495150733361, 10.086495150733361, 10.086495150733361, 10.086495150733361, 10.086495150733361, 10.086495150733361, 10.086495150733361, 10.086495150733361, 10.086495150733361, 10.086495150733361, 10.086495150733361], "OperatingIncome": [4222408600.0, 6298155655.191411, 8565241083.460133, 10520838225.967175, 11537944719.751804, 12653380414.830067, 13672158975.12653, 14552006897.864807, 15253299680.898382, 15741879415.718758, 15991703042.046217, 16245491369.32349], "Effective_tax_rate": [16.413043478260867, 16.413043478260867, 16.413043478260867, 16.413043478260867, 16.413043478260867, 16.413043478260867, 18.530434782608694, 20.64782608695652, 22.765217391304347, 24.882608695652173, 27.0, 27.0], "EBIT(1-t)": [3529382840.652174, 5264436629.176299, 7159424340.413959, 8794048473.661694, 9644216836.401236, 10576575585.874262, 11138648472.866127, 11547333821.431765, 11780852849.194733, 11824889159.364042, 11673943220.693739, 11859208699.606148], "Reinvestment": [12040595906.187475, 12040595906.187475, 13150474889.66449, 11343653307.532166, 5899836521.309976, 6470205717.110476, 5909535524.445695, 5103653294.410257, 4067924842.439073, 2834059737.7756677, 1449129037.6177, 2191750810.0937414], "Invested Capital": [24492539000.0, 36533134906.18748, 48573730812.374954, 61724205702.039444, 73067859009.57161, 78967695530.88159, 85437901247.99207, 91347436772.43776, 96451090066.84802, 100519014909.2871, 103353074647.06276, 104802203684.68047], "cost_to_capital": [0.0, 5.758313170957223, 5.758313170957223, 5.758313170957223, 5.758313170957223, 5.758313170957223, 5.824050536765778, 5.889787902574334, 5.955525268382889, 6.021262634191444, 6.087, 6.087], "ROIC": [14.410032543592862, 14.410032543592862, 14.73929266020056, 14.24732545950142, 13.198986486161967, 13.393547215440929, 13.037127914150284, 12.641114222173707, 12.21432836169057, 11.76383311161113, 11.295206514715435, 8.587], "FCFF": [-8511213065.535301, -6776159277.011176, -5991050549.250531, -2549604833.870472, 3744380315.09126, 4106369868.7637863, 5229112948.420432, 6443680527.021507, 7712928006.755659, 8990829421.588375, 10224814183.076038, 9667457889.512405], "Cumulated discount factor": [0.0, 0.9455521462256213, 0.8940688612318788, 0.8453887306113002, 0.7993591286244685, 0.7558357396759087, 0.7142381489294, 0.6745108882327224, 0.636598125981823, 0.6004438262335149, 0.565991899321797, 0.0], "PV FCFF": [0.0, -6407211947.544572, -5356411742.151044, -2155407194.066193, 2993104585.909962, 3103741107.1399403, 3734831952.8225665, 4346332675.769174, 4910035514.93337, 5398488018.911384, 5787161999.691656, 0.0], "Price Target USD": [42.1799409274971, 44.637204808654246, 47.23762075804256, 49.98952834179329, 52.90175296158389, 55.9836341578104, 59.245055561609085, 62.69647659178379, 66.34896599829152, 70.21423735986049, 74.3046866495821, 78.63343198895002], "Price Target Local": [42.1799409274971, 44.637204808654246, 47.23762075804256, 49.98952834179329, 52.90175296158389, 55.9836341578104, 59.245055561609085, 62.69647659178379, 66.34896599829152, 70.21423735986049, 74.3046866495821, 78.63343198895002], "Terminal cash flow": 9667457889.512405, "Terminal cost of capital": 6.087, "Terminal value": 214832397544.72012, "PV(Terminal value)": 121593396722.19151, "PV (CF over next 10 years)": 16354664971.416243, "Sum of PV": 137948061693.60776, "Value of operating assets": 137948061693.60776, "Debt": 11133000000, "Minority Interests": 1446000000, "Cash Marketable": 16229000000, "Non-operating assets": 0, "Value of equity": 141598061693.60776, "Value of equity in common stock": 141598061693.60776, "Number of shares": 3357000000, "Estimated value /share": 42.1799409274971, "Estimated value /share (Local Currency)": 42.1799409274971, "Current price": 214.93, "Valuation": 80.3750333003782}, "2021Q4": {"Date": [2021, 2022, 2023, 2024, 2025, 2026, 2027, 2028, 2029, 2030, 2031, "Terminal"], "revenueGrowth": [0.0, 48.54926134549935, 35.58868835559922, 22.62811536569908, 9.667542375798943, 9.66754237579894, 8.039367234039151, 6.4111920922793635, 4.783016950519576, 3.1548418087597883, 1.5266666670000004, 1.526666667], "Revenues": [53823000000.0, 79953668933.98811, 108408130999.7727, 132938847948.19946, 145790767407.49057, 159885151626.61218, 172738906118.57587, 183813529207.93988, 192605361467.3039, 198681755936.7873, 201714964078.08453, 204794479197.0157], "operatingMargin": [14.519100384593948, 13.794100541789234, 13.06910069898452, 12.344100856179807, 11.619101013375094, 10.894101170570377, 10.894101170570377, 10.894101170570377, 10.894101170570377, 10.894101170570377, 10.894101170570377, 10.894101170570377], "OperatingIncome": [7814615400.0, 11028889479.603624, 14167967806.247349, 16410105467.769262, 16939576533.251062, 17418050174.922977, 18818351193.494236, 20024831837.1089, 20982622938.190857, 21644591499.219322, 21975032262.846222, 22310517755.46559], "Effective_tax_rate": [11.020022071574964, 11.020022071574964, 11.020022071574964, 11.020022071574964, 11.020022071574964, 11.020022071574964, 14.216017657259972, 17.41201324294498, 20.608008828629988, 23.804004414314996, 27.000000000000004, 27.0], "EBIT(1-t)": [6953443058.111304, 9813503424.701696, 12606654626.905256, 14601708223.25236, 15072831460.455462, 15498577201.208464, 16143131065.021902, 16538105465.754034, 16658522150.610344, 16492311983.284706, 16041773551.87774, 16286677961.489882], "Reinvestment": [12024392570.342363, 12024392570.342363, 13093718462.441582, 11288152299.697586, 5913990386.21369, 6485727912.901568, 5914834802.148476, 5096142618.143325, 4045684508.3551526, 2796137852.341398, 1395773125.0835612, 2916066656.6455927], "Invested Capital": [24767405800.0, 36791798370.34236, 48816190940.68472, 61909909403.126305, 73198061702.82388, 79112052089.03757, 85597780001.93913, 91512614804.08762, 96608757422.23094, 100654441930.58609, 103450579782.92749, 104846352908.01105], "cost_to_capital": [0.0, 6.338580511983056, 6.338580511983056, 6.338580511983056, 6.338580511983056, 6.338580511983056, 6.276197742986445, 6.213814973989833, 6.151432204993221, 6.08904943599661, 6.026666666999998, 6.026666667], "ROIC": [28.07497528914112, 26.673073509264228, 25.824740488710546, 23.585413650298456, 20.59184507050133, 19.590665128703037, 18.859287080408155, 18.07194068398024, 17.243283730277025, 16.385081141931355, 15.506702413402158, 8.526666667], "FCFF": [-5070949512.231059, -2210889145.640667, -487063835.53632545, 3313555923.5547733, 9158841074.241772, 9012849288.306896, 10228296262.873426, 11441962847.61071, 12612837642.255192, 13696174130.943308, 14646000426.79418, 13370611304.844288], "Cumulated discount factor": [0.0, 0.9403924663892915, 0.8843379908417348, 0.8316247843294097, 0.7820536820459962, 0.7354373909080612, 0.6920057421386204, 0.6515214073687893, 0.6137660075189665, 0.5785385115447289, 0.5456537772348875, 0.0], "PV FCFF": [0.0, -2079103496.5823405, -430729053.7298632, 2755635230.289676, 7162705385.384885, 6628386365.24, 7078039746.203403, 7454683737.53673, 7741331003.171904, 7923764195.573362, 7991645454.264019, 0.0], "Price Target USD": [51.99362858670076, 55.304247398281916, 58.82566505605859, 62.57130387050698, 66.55544079823522, 70.793261860335, 75.30092002574267, 80.09559678023942, 85.19556761576801, 90.6202716896868, 96.39038591947553, 102.52790379531402], "Price Target Local": [51.99362858670076, 55.304247398281916, 58.82566505605859, 62.57130387050698, 66.55544079823522, 70.793261860335, 75.30092002574267, 80.09559678023942, 85.19556761576801, 90.6202716896868, 96.39038591947553, 102.52790379531402], "Terminal cash flow": 13370611304.844288, "Terminal cost of capital": 6.026666667, "Terminal value": 297124695663.2064, "PV(Terminal value)": 162127212498.395, "PV (CF over next 10 years)": 52226358567.351776, "Sum of PV": 214353571065.74677, "Value of operating assets": 214353571065.74677, "Debt": 6834000000, "Minority Interests": 1394000000, "Cash Marketable": 17707000000, "Non-operating assets": 0, "Value of equity": 223832571065.74677, "Value of equity in common stock": 223832571065.74677, "Number of shares": 4305000000, "Estimated value /share": 51.99362858670076, "Estimated value /share (Local Currency)": 51.99362858670076, "Current price": 302.45, "Valuation": 82.8091821502064}, "2018Q3": {"Date": [2017, 2018, 2019, 2020, 2021, 2022, 2023, 2024, 2025, 2026, 2027, "Terminal"], "revenueGrowth": [0.0, 58.27351351036664, 42.071523132177404, 25.86953275398817, 9.667542375798938, 9.66754237579894, 8.320800567239152, 6.974058758679364, 5.627316950119576, 4.280575141559789, 2.933833333000001, 2.933833333], "Revenues": [17523644000.0, 27735287053.848553, 39403944762.48425, 49597561159.17853, 54392426401.60491, 59650837273.20532, 64614264479.3971, 69120501250.67874, 73010130933.5658, 76135384449.12827, 78369069736.30449, 80668287626.9902], "operatingMargin": [-3.4769606138997116, -1.5253786258215012, 0.4262033622567092, 2.3777853503349196, 4.32936733841313, 6.28094932649134, 6.28094932649134, 6.28094932649134, 6.28094932649134, 6.28094932649134, 6.28094932649134, 6.28094932649134], "OperatingIncome": [-609290200.0, -423068140.5296438, 167940937.43948436, 1179323543.3663492, 2354847943.2014832, 3746638861.957835, 4058389209.636026, 4341423657.771945, 4585729327.142246, 4782024916.779115, 4922321557.779945, 5066734268.399539], "Effective_tax_rate": [0.0, 0.0, 0.0, 0.0, 0.0, 0.0, 5.4, 10.8, 16.200000000000003, 21.6, 27.0, 27.0], "EBIT(1-t)": [-609290200.0, -423068140.5296438, 167940937.43948436, 1179323543.3663492, 2354847943.2014832, 3746638861.957835, 3839236192.3156805, 3872549902.732575, 3842841176.145202, 3749107534.754826, 3593294737.17936, 3698716015.9316635], "Reinvestment": [9490293168.143057, 9490293168.143057, 10844384390.416977, 9473539913.026955, 4456156233.86052, 4886957026.100794, 4612810990.073197, 4187916461.534733, 3614866462.865391, 2904485784.614211, 2075897885.2752764, 1092369478.4361925], "Invested Capital": [16607532800.0, 26097825968.14306, 35588119136.28612, 46432503526.703094, 55906043439.73005, 60362199673.59057, 65249156699.69136, 69861967689.76456, 74049884151.29929, 77664750614.16467, 80569236398.77888, 82645134284.05417], "cost_to_capital": [0.0, 9.844565310947772, 9.844565310947772, 9.844565310947772, 9.844565310947772, 9.844565310947772, 9.362418915358218, 8.880272519768663, 8.39812612417911, 7.915979728589555, 7.433833333000001, 7.433833333], "ROIC": [-3.6687580710362955, -1.621085760346751, 0.4719016950470123, 2.539866373322141, 4.212152744703076, 6.206928975779274, 5.883962929951308, 5.543144619014131, 5.189530301348588, 4.827296173756149, 4.459884315390906, 9.933833332999999], "FCFF": [-10099583368.143057, -9913361308.6727, -10676443452.977493, -8294216369.660605, -2101308290.659037, -1140318164.1429586, -773574797.7575169, -315366558.8021579, 227974713.27981138, 844621750.140615, 1517396851.9040835, 2606346537.495471], "Cumulated discount factor": [0.0, 0.910377311038741, 0.8287868484541285, 0.754508742519942, 0.6868876401705266, 0.6253269228441903, 0.5717932440102356, 0.525157800194171, 0.48447129020713775, 0.44893378295373026, 0.41787002197177775, 0.0], "PV FCFF": [0.0, -9024899211.544949, -8848495922.09193, -6258058763.260942, -1443362693.041549, -713071648.6468526, -442324843.09433246, -165617208.2753469, 110447203.47727253, 379179237.45562667, 634074655.8450657, 0.0], "Price Target USD": [-4.391749802777428, -4.810231171829774, -5.268588823482093, -5.770622491800427, -6.320493980182046, -6.9227616622437464, -7.582418270233279, -8.30493228422561, -9.096293265215877, -9.963061507915356, -10.912422424866582, -11.952246112715933], "Price Target Local": [4.391749802777428, 4.810231171829774, 5.268588823482093, 5.770622491800427, 6.320493980182046, 6.9227616622437464, 7.582418270233279, 8.30493228422561, 9.096293265215877, 9.963061507915356, 10.912422424866582, 11.952246112715933], "Terminal cash flow": 2606346537.495471, "Terminal cost of capital": 7.433833333, "Terminal value": 57918811944.343796, "PV(Terminal value)": 24202535219.762207, "PV (CF over next 10 years)": -25772129193.17794, "Sum of PV": -1569593973.4157333, "Value of operating assets": -1569593973.4157333, "Debt": 11779151000, "Minority Interests": 1344731000, "Cash Marketable": 2967504000, "Non-operating assets": 0, "Value of equity": -11725971973.415733, "Value of equity in common stock": -11725971973.415733, "Number of shares": 2670000000, "Estimated value /share": -4.391749802777428, "Estimated value /share (Local Currency)": 4.391749802777428, "Current price": 23.09, "Valuation": 80.97986226601374}, "2018Q1": {"Date": [2017, 2018, 2019, 2020, 2021, 2022, 2023, 2024, 2025, 2026, 2027, "Terminal"], "revenueGrowth": [0.0, 58.27351351036664, 42.071523132177404, 25.86953275398817, 9.667542375798938, 9.66754237579894, 8.284667234039151, 6.901792092279363, 5.518916950519575, 4.136041808759787, 2.753166666999999, 2.753166667], "Revenues": [12471232000.0, 19738657064.42917, 28043010737.271656, 35297606585.15457, 38710017659.41719, 42452325020.3206, 45969358881.36691, 49142068457.51262, 51854178403.45022, 53998888901.80581, 55485568311.60069, 57013178483.351204], "operatingMargin": [-8.849999743409473, -5.82380992942931, -2.7976201154491473, 0.2285696985310155, 3.2547595125111783, 6.28094932649134, 6.28094932649134, 6.28094932649134, 6.28094932649134, 6.28094932649134, 6.28094932649134, 6.28094932649134], "OperatingIncome": [-1103704000.0, -1149541870.054226, -784536909.3634762, 80679632.96035168, 1259917982.064638, 2666409022.443742, 2887312137.0516024, 3086588417.806052, 3256934669.1891246, 3391642848.790779, 3485020429.1673765, 3580968849.9613533], "Effective_tax_rate": [0.0, 0.0, 0.0, 0.0, 0.0, 0.0, 5.4, 10.8, 16.200000000000003, 21.6, 27.0, 27.0], "EBIT(1-t)": [-1103704000.0, -1149541870.054226, -784536909.3634762, 80679632.96035168, 1259917982.064638, 2666409022.443742, 2731397281.6508155, 2753236868.6829987, 2729311252.780486, 2659047993.451971, 2544064913.292185, 2614107260.471788], "Reinvestment": [6754054570.380857, 6754054570.380857, 7717734600.752486, 6742131608.963238, 3171358549.667, 3477950981.3445783, 3268590788.730737, 2948589551.7714796, 2520526653.29739, 1993208270.486676, 1381660460.671698, 737921663.7243602], "Invested Capital": [15460874400.0, 22214928970.38086, 28968983540.76172, 36686718141.514206, 43428849750.47745, 46600208300.14445, 50078159281.48903, 53346750070.219765, 56295339621.99124, 58815866275.288635, 60809074545.775314, 62190735006.447014], "cost_to_capital": [0.0, 9.110620027969304, 9.110620027969304, 9.110620027969304, 9.110620027969304, 9.110620027969304, 8.739129355775443, 8.367638683581582, 7.996148011387721, 7.62465733919386, 7.253166666999999, 7.253166667], "ROIC": [-7.1386906810393596, -5.174636712036797, -2.7081961928680336, 0.21991510019822588, 2.9011083399711426, 5.721882196898843, 5.454268529115953, 5.16102080268984, 4.8482010608819675, 4.520970550712035, 4.183692865407919, 9.753166667], "FCFF": [-7857758570.380857, -7903596440.435083, -8502271510.115962, -6661451976.002886, -1911440567.602362, -811541958.9008365, -537193507.0799217, -195352683.08848095, 208784599.48309612, 665839722.9652951, 1162404452.6204867, 1876185596.7474277], "Cumulated discount factor": [0.0, 0.9165010699633648, 0.8399742112439924, 0.7698372633467524, 0.7055566755549671, 0.646643448065922, 0.5946741084805063, 0.5487561745410655, 0.5081256921156128, 0.4721275817995731, 0.4401992001461705, 0.0], "PV FCFF": [0.0, -7243654594.217395, -7141688805.491923, -5128233959.121878, -1348629652.398422, -524778290.55380964, -319455069.904269, -107200991.0579679, 106088819.11542922, 314361298.26970243, 511689510.2898854, 0.0], "Price Target USD": [-4.687889612473258, -5.095564990315763, -5.5386932536649605, -6.020357510206683, -6.543908985520879, -7.112990339557221, -7.731561010793482, -8.40392476441111, -9.134759636157106, -9.929150480229493, -10.792624347641455, -11.731188941212514], "Price Target Local": [4.687889612473258, 5.095564990315763, 5.5386932536649605, 6.020357510206683, 6.543908985520879, 7.112990339557221, 7.731561010793482, 8.40392476441111, 9.134759636157106, 9.929150480229493, 10.792624347641455, 11.731188941212514], "Terminal cash flow": 1876185596.7474277, "Terminal cost of capital": 7.253166667, "Terminal value": 41693013261.05394, "PV(Terminal value)": 18353231089.199623, "PV (CF over next 10 years)": -20881501735.07065, "Sum of PV": -2528270645.871025, "Value of operating assets": -2528270645.871025, "Debt": 10761758000, "Minority Interests": 1269711000, "Cash Marketable": 2665673000, "Non-operating assets": 0, "Value of equity": -11894066645.871025, "Value of equity in common stock": -11894066645.871025, "Number of shares": 2537190000, "Estimated value /share": -4.687889612473258, "Estimated value /share (Local Currency)": 4.687889612473258, "Current price": 20.18, "Valuation": 76.7696253098451}, "2018Q2": {"Date": [2017, 2018, 2019, 2020, 2021, 2022, 2023, 2024, 2025, 2026, 2027, "Terminal"], "revenueGrowth": [0.0, 58.27351351036664, 42.071523132177404, 25.86953275398817, 9.667542375798938, 9.66754237579894, 8.316000567239152, 6.964458758679364, 5.612916950119576, 4.261375141559788, 2.909833333, 2.909833333], "Revenues": [13683906000.0, 21657998811.655872, 30769848791.66838, 38729864903.18167, 42474091004.78644, 46580291751.40958, 50453909077.67845, 53967750767.53496, 56996915797.96422, 59425768199.234436, 61154959010.687065, 62934466392.76252], "operatingMargin": [-11.15769868632538, -7.6699690837620365, -4.1822394811986925, -0.6945098786353485, 2.7932197239279954, 6.28094932649134, 6.28094932649134, 6.28094932649134, 6.28094932649134, 6.28094932649134, 6.28094932649134, 6.28094932649134], "OperatingIncome": [-1526809000.0, -1661161813.0155547, -1286868764.470294, -268982737.7347215, 1186394687.5048213, 2925684521.0378613, 3168984462.402998, 3389687078.3560123, 3579947398.93307, 3732502387.4721203, 3841111986.0978045, 3952881943.0271363], "Effective_tax_rate": [0.0, 0.0, 0.0, 0.0, 0.0, 0.0, 5.4, 10.8, 16.200000000000003, 21.6, 27.0, 27.0], "EBIT(1-t)": [-1526809000.0, -1661161813.0155547, -1286868764.470294, -268982737.7347215, 1186394687.5048213, 2925684521.0378613, 2997859301.433236, 3023600873.8935633, 2999995920.3059125, 2926281871.7781425, 2804011749.851397, 2885603818.4098096], "Reinvestment": [7410803348.054309, 7410803348.054309, 8468189414.617942, 7397721025.210797, 3479734182.3116984, 3816138958.951848, 3599985218.20985, 3265624112.3325915, 2815184984.6167774, 2257278405.5074615, 1607040870.6814182, 847302461.5540165], "Invested Capital": [16406159600.0, 23816962948.05431, 31227766296.10862, 39695955710.72656, 47093676735.93736, 50573410918.24906, 54389549877.20091, 57989535095.41076, 61255159207.74335, 64070344192.36012, 66327622597.867584, 67934663468.549], "cost_to_capital": [0.0, 9.242217382126633, 9.242217382126633, 9.242217382126633, 9.242217382126633, 9.242217382126633, 8.875740572301305, 8.509263762475978, 8.142786952650651, 7.7763101428253245, 7.409833332999998, 7.409833333], "ROIC": [-9.306315659637981, -6.974700412637039, -4.120911986684921, -0.6776074109283569, 2.5192228972843798, 5.785025110857509, 5.511829585281938, 5.214045722075203, 4.897539993540134, 4.567295382388594, 4.227517345000611, 9.909833333], "FCFF": [-8937612348.05431, -9071965161.069864, -9755058179.088236, -7666703762.9455185, -2293339494.806877, -890454437.9139867, -602125916.7766137, -242023238.43902826, 184810935.68913507, 669003466.2706809, 1196970879.1699789, 2038301356.855793], "Cumulated discount factor": [0.0, 0.9153970177134214, 0.837951700038626, 0.7670584872032497, 0.7021630515976234, 0.6427579633810196, 0.5903592113379768, 0.544063419903261, 0.503097280211092, 0.4667976474091447, 0.4345948903597529, 0.0], "PV FCFF": [0.0, -8304449853.243412, -8174267585.14269, -5880810190.240451, -1610298258.0229487, -572346680.9971846, -355470581.3543979, -131675990.80120009, 92977879.0984709, 312289244.1637169, 520197427.996694, 0.0], "Price Target USD": [-5.944994121086444, -6.471187867986965, -7.043955228525746, -7.667418451399399, -8.346064647143447, -9.084778082195896, -9.888875331320977, -10.764143541387597, -11.71688208188975, -12.753947881970715, -13.882804780244937, -15.11157724259189], "Price Target Local": [5.944994121086444, 6.471187867986965, 7.043955228525746, 7.667418451399399, 8.346064647143447, 9.084778082195896, 9.888875331320977, 10.764143541387597, 11.71688208188975, 12.753947881970715, 13.882804780244937, 15.11157724259189], "Terminal cash flow": 2038301356.855793, "Terminal cost of capital": 7.409833333, "Terminal value": 45295585707.90651, "PV(Terminal value)": 19685230104.50842, "PV (CF over next 10 years)": -24103854588.543404, "Sum of PV": -4418624484.034985, "Value of operating assets": -4418624484.034985, "Debt": 11616575000, "Minority Interests": 1360692000, "Cash Marketable": 2236424000, "Non-operating assets": 0, "Value of equity": -15159467484.034985, "Value of equity in common stock": -15159467484.034985, "Number of shares": 2549955000, "Estimated value /share": -5.944994121086444, "Estimated value /share (Local Currency)": 5.944994121086444, "Current price": 22.8, "Valuation": 73.9254643811998}, "2018Q4": {"Date": [2018, 2019, 2020, 2021, 2022, 2023, 2024, 2025, 2026, 2027, 2028, "Terminal"], "revenueGrowth": [0.0, 55.441615760542284, 40.18359129896117, 24.925566837380053, 9.667542375798938, 9.66754237579894, 8.342733900639152, 7.017925425479364, 5.693116950319576, 4.368308475159788, 3.0435, 3.0435], "Revenues": [21461268000.0, 33359741741.900215, 46764884021.85435, 58421296445.14492, 64069200035.47043, 70263117098.73492, 76124981988.57687, 81467376454.6948, 86105409472.61768, 89866759372.18108, 92601854193.6734, 95420191626.05785], "operatingMargin": [1.6163341327269198, 2.549257171479804, 3.482180210232688, 4.415103248985572, 5.348026287738456, 6.28094932649134, 6.28094932649134, 6.28094932649134, 6.28094932649134, 6.28094932649134, 6.28094932649134, 6.28094932649134], "OperatingIncome": [346885800.0, 850425608.7425328, 1628437536.7472806, 2579360557.4490857, 3426437660.240695, 4413190780.1848135, 4781371543.503174, 5116924632.741318, 5408237136.342991, 5644485617.526601, 5816275537.296022, 5993293883.273626], "Effective_tax_rate": [0.0, 0.0, 0.0, 0.0, 0.0, 0.0, 5.4, 10.8, 16.200000000000003, 21.6, 27.0, 27.0], "EBIT(1-t)": [346885800.0, 850425608.7425328, 1628437536.7472806, 2579360557.4490857, 3426437660.240695, 4413190780.1848135, 4523177480.154002, 4564296772.405255, 4532102720.255426, 4425276724.140855, 4245881142.226096, 4375104534.789747], "Reinvestment": [9232453319.239176, 9232453319.239176, 10401531576.407951, 9044629244.241463, 4382411339.499757, 4806082812.827713, 4548431599.97678, 4145355832.295036, 3598816475.1141, 2918566542.0898056, 2122258351.0183845, 1325795853.2018316], "Invested Capital": [16652569000.0, 25885022319.239174, 35117475638.47835, 45519007214.8863, 54563636459.12776, 58946047798.62752, 63752130611.45523, 68300562211.43201, 72445918043.72704, 76044734518.84114, 78963301060.93094, 81085559411.94933], "cost_to_capital": [0.0, 9.836534756198539, 9.836534756198539, 9.836534756198539, 9.836534756198539, 9.836534756198539, 9.377927804958832, 8.919320853719125, 8.460713902479418, 8.00210695123971, 7.5435000000000025, 7.5435], "ROIC": [2.0830767913347183, 3.285396466938526, 4.63711444840584, 5.666557148912389, 6.279709129737627, 7.486830661253542, 7.094943238400976, 6.682663545690833, 6.255842761934402, 5.8193072171807385, 5.377030956380383, 10.0435], "FCFF": [-8885567519.239176, -8382027710.496643, -8773094039.660671, -6465268686.792377, -955973679.2590618, -392892032.6428995, -25254119.822777748, 418940940.1102195, 933286245.1413264, 1506710182.0510492, 2123622791.2077117, 3049308681.5879154], "Cumulated discount factor": [0.0, 0.9104438720865288, 0.8289080442199116, 0.7546742493832479, 0.6870885457724789, 0.6255555560793978, 0.5719211989414168, 0.5250870042694433, 0.48412645037683066, 0.44825648688076225, 0.4168141141777627, 0.0], "PV FCFF": [0.0, -7631365764.681146, -7272088222.17249, -4879171793.266054, -656838565.078875, -245775793.95909393, -14443366.48725325, 219980443.20829943, 451828557.045791, 675392612.953677, 885155952.5649502, 0.0], "Price Target USD": [0.03757037298848369, 0.04112317024918868, 0.04501193352171745, 0.04926843302902902, 0.05392744330711213, 0.0590270273042436, 0.0646088473457523, 0.07071850550479311, 0.07740591615987481, 0.08472571378284387, 0.09273769928884966, 0.101507328594859], "Price Target Local": [0.03757037298848369, 0.04112317024918868, 0.04501193352171745, 0.04926843302902902, 0.05392744330711213, 0.0590270273042436, 0.0646088473457523, 0.07071850550479311, 0.07740591615987481, 0.08472571378284387, 0.09273769928884966, 0.101507328594859], "Terminal cash flow": 3049308681.5879154, "Terminal cost of capital": 7.5435, "Terminal value": 67762415146.398125, "PV(Terminal value)": 28244331043.791744, "PV (CF over next 10 years)": -18467325939.8722, "Sum of PV": 9777005103.919544, "Value of operating assets": 9777005103.919544, "Debt": 11971371000, "Minority Interests": 1390361000, "Cash Marketable": 3685618000, "Non-operating assets": 0, "Value of equity": 100891103.91954422, "Value of equity in common stock": 100891103.91954422, "Number of shares": 2685390000, "Estimated value /share": 0.03757037298848369, "Estimated value /share (Local Currency)": 0.03757037298848369, "Current price": 20.38, "Valuation": 99.81565077041961}, "2011Q3": {"Date": [2010, 2011, 2012, 2013, 2014, 2015, 2016, 2017, 2018, 2019, 2020, "Terminal"], "revenueGrowth": [0.0, 9.66754237579894, 9.66754237579894, 9.66754237579894, 9.66754237579894, 9.66754237579894, 8.227400567239151, 6.787258758679363, 5.347116950119576, 3.906975141559788, 2.4668333330000003, 2.466833333], "Revenues": [201153000.0, 220599551.51519084, 241926106.63874432, 265314415.51616547, 290963799.065294, 319092847.63816583, 345345894.3947678, 368785413.85981625, 388504801.23388314, 403683587.2418573, 413641788.53178954, 423845642.0505091], "operatingMargin": [-26.900617937589793, -20.264304484773568, -13.627991031957341, -6.991677579141115, -0.3553641263248881, 6.28094932649134, 6.28094932649134, 6.28094932649134, 6.28094932649134, 6.28094932649134, 6.28094932649134, 6.28094932649134], "OperatingIncome": [-54111400.0, -44702964.8110832, -32969668.116691634, -18549928.503873035, -1033980.9624700851, 20042060.064611416, 21691000.628053665, 23163224.968026433, 24401789.696486104, 25355161.55402352, 25980631.130874168, 26621529.99973435], "Effective_tax_rate": [0.0, 0.0, 0.0, 0.0, 0.0, 0.0, 5.4, 10.8, 16.200000000000003, 21.6, 27.0, 27.0], "EBIT(1-t)": [-54111400.0, -44702964.8110832, -32969668.116691634, -18549928.503873035, -1033980.9624700851, 20042060.064611416, 20519686.594138768, 20661596.67147958, 20448699.765655354, 19878446.65835444, 18965860.725538142, 19433716.899806075], "Reinvestment": [18072848.21995451, 18072848.21995451, 19820048.480132435, 21736160.065853134, 23837512.55109096, 26142014.178304102, 24398533.023852713, 21783753.140477173, 18326410.969245862, 14106557.425926931, 9254754.516044311, 5063967.954882664], "Invested Capital": [491768600.0, 509841448.2199545, 527914296.439909, 547734344.9200414, 569470504.9858946, 593308017.5369855, 619450031.7152896, 643848564.7391423, 665632317.8796195, 683958728.8488654, 698065286.2747923, 707320040.7908366], "cost_to_capital": [0.0, 9.513395389505469, 9.513395389505469, 9.513395389505469, 9.513395389505469, 9.513395389505469, 9.004082978204375, 8.49477056690328, 7.985458155602187, 7.476145744301093, 6.9668333329999985, 6.966833333], "ROIC": [-11.003427221664824, -8.768013068995826, -6.24526904064332, -3.386665210227225, -0.1815688351577921, 3.3780194219880126, 3.312565266534684, 3.2090770723160196, 3.0720713547675924, 2.906381016850358, 2.7169179012967364, 9.466833333], "FCFF": [-72184248.2199545, -62775813.0310377, -52789716.596824065, -40286088.56972617, -24871493.513561044, -6099954.113692686, -3878846.429713946, -1122156.468997594, 2122288.7964094914, 5771889.232427508, 9711106.20949383, 14369748.944923412], "Cumulated discount factor": [0.0, 0.9131303037800148, 0.8338069516813821, 0.7613743950827085, 0.6952340326721986, 0.6348392634521695, 0.5823995267948882, 0.5367996298363077, 0.49710362765957206, 0.46252461345445195, 0.4324000244211773, 0.0], "PV FCFF": [0.0, -57322497.22306887, -44016432.675721936, -30672796.31502368, -17291508.734013475, -3872490.376628696, -2259038.3251754437, -602373.1771763265, 1054997.4596364251, 2669640.8361304463, 4199082.562141779, 0.0], "Price Target USD": [0.027097233715040022, 0.02965706503648965, 0.03245871943343047, 0.03552504153603401, 0.03888103406929635, 0.042554061724724236, 0.046574074291445715, 0.05097385086615164, 0.055789267133150626, 0.06105958789393343, 0.06682778723152646, 0.0731408989202478], "Price Target Local": [0.027097233715040022, 0.02965706503648965, 0.03245871943343047, 0.03552504153603401, 0.03888103406929635, 0.042554061724724236, 0.046574074291445715, 0.05097385086615164, 0.055789267133150626, 0.06105958789393343, 0.06682778723152646, 0.0731408989202478], "Terminal cash flow": 14369748.944923412, "Terminal cost of capital": 6.966833333, "Terminal value": 319327754.33163136, "PV(Terminal value)": 138077328.77135712, "PV (CF over next 10 years)": -148113415.9688998, "Sum of PV": -10036087.197542667, "Value of operating assets": -10036087.197542667, "Debt": 226049000, "Minority Interests": 0, "Cash Marketable": 278388000, "Non-operating assets": 0, "Value of equity": 42302912.80245733, "Value of equity in common stock": 42302912.80245733, "Number of shares": 1561152450, "Estimated value /share": 0.027097233715040022, "Estimated value /share (Local Currency)": 0.027097233715040022, "Current price": 2.21, "Valuation": 98.77388082737374}, "2011Q1": {"Date": [2010, 2011, 2012, 2013, 2014, 2015, 2016, 2017, 2018, 2019, 2020, "Terminal"], "revenueGrowth": [0.0, 9.66754237579894, 9.66754237579894, 9.66754237579894, 9.66754237579894, 9.66754237579894, 8.421700567239151, 7.175858758679363, 5.930016950119574, 4.684175141559786, 3.438333332999998, 3.438333333], "Revenues": [144962000.0, 158976262.77880567, 174345360.3504082, 191200271.94252327, 209684639.25520954, 229955990.61074805, 249322195.5764138, 267213204.1850156, 283058992.4861446, 296317971.4481302, 306506371.0321006, 317045081.75506604], "operatingMargin": [-36.01992246243843, -27.559748104652478, -19.099573746866525, -10.639399389080571, -2.1792250312946173, 6.28094932649134, 6.28094932649134, 6.28094932649134, 6.28094932649134, 6.28094932649134, 6.28094932649134, 6.28094932649134], "OperatingIncome": [-52215200.0, -43813457.56802924, -33299220.674366403, -20342560.564973213, -4569500.145429345, 14443419.24349227, 15659800.763850186, 16783525.94855467, 17778791.882131673, 18611581.631944135, 19251509.846993774, 19913440.92716874], "Effective_tax_rate": [0.0, 0.0, 0.0, 0.0, 0.0, 0.0, 5.4, 10.8, 16.200000000000003, 21.6, 27.0, 27.0], "EBIT(1-t)": [-52215200.0, -43813457.56802924, -33299220.674366403, -20342560.564973213, -4569500.145429345, 14443419.24349227, 14814171.522602275, 14970905.146110764, 14898627.597226342, 14591479.999444202, 14053602.188305454, 14536811.876833182], "Reinvestment": [13024296.051567951, 13024296.051567951, 14283425.391502785, 15664281.593941934, 17178632.65490076, 18839384.24639611, 17998177.346127365, 16627188.775993444, 14726442.714952746, 12322365.44069772, 9468691.61565781, 4788351.093718212], "Invested Capital": [310840800.0, 323865096.051568, 336889392.10313594, 351172817.49463874, 366837099.08858067, 384015731.7434814, 402855115.9898775, 420853293.3360049, 437480482.1119984, 452206924.82695115, 464529290.2676489, 473997981.8833067], "cost_to_capital": [0.0, 9.009428431913324, 9.009428431913324, 9.009428431913324, 9.009428431913324, 9.009428431913324, 8.79520941213066, 8.580990392347996, 8.366771372565331, 8.152552352782667, 7.938333333000002, 7.938333333], "ROIC": [-16.79805225054111, -13.528304872054802, -9.884318549327347, -5.792749196849148, -1.2456483155009197, 3.761153007434687, 3.6772951204061433, 3.5572740865207266, 3.4055525232351234, 3.2267263498956846, 3.025342531190694, 10.438333333], "FCFF": [-65239496.05156795, -56837753.61959719, -47582646.06586919, -36006842.15891515, -21748132.800330102, -4395965.00290384, -3184005.82352509, -1656283.6298826803, 172184.88227359578, 2269114.5587464813, 4584910.572647644, 9748460.78311497], "Cumulated discount factor": [0.0, 0.917351842299214, 0.8415344025697619, 0.7719831345555395, 0.7081801507084461, 0.649650365932128, 0.5971314081221779, 0.5499410218717802, 0.5074812277843741, 0.46922723203889055, 0.43471787783796884, 0.0], "PV FCFF": [0.0, -52140217.9950863, -40042433.62972966, -27796674.875285864, -15401595.964165071, -2855840.2727613077, -1901269.8808707516, -910858.3119271825, 87380.5954621123, 1064730.3435797598, 1993142.5942182504, 0.0], "Price Target USD": [-0.03239550615446741, -0.03529512612531529, -0.03845428196929477, -0.0418962039269613, -0.04564620150471421, -0.049731849583349454, -0.054183191184604136, -0.059032958386697414, -0.0643168130133273, -0.07007360886598338, -0.0763456774278499, -0.08317913914016754], "Price Target Local": [0.03239550615446741, 0.03529512612531529, 0.03845428196929477, 0.0418962039269613, 0.04564620150471421, 0.049731849583349454, 0.054183191184604136, 0.059032958386697414, 0.0643168130133273, 0.07007360886598338, 0.0763456774278499, 0.08317913914016754], "Terminal cash flow": 9748460.78311497, "Terminal cost of capital": 7.938333333, "Terminal value": 216632461.84699935, "PV(Terminal value)": 94174004.08494231, "PV (CF over next 10 years)": -137903637.396566, "Sum of PV": -43729633.31162369, "Value of operating assets": -43729633.31162369, "Debt": 103180000, "Minority Interests": 0, "Cash Marketable": 100655000, "Non-operating assets": 0, "Value of equity": -46254633.31162369, "Value of equity in common stock": -46254633.31162369, "Number of shares": 1427810175, "Estimated value /share": -0.03239550615446741, "Estimated value /share (Local Currency)": 0.03239550615446741, "Current price": 1.84, "Valuation": 98.23937466551807}, "2011Q2": {"Date": [2010, 2011, 2012, 2013, 2014, 2015, 2016, 2017, 2018, 2019, 2020, "Terminal"], "revenueGrowth": [0.0, 9.66754237579894, 9.66754237579894, 9.66754237579894, 9.66754237579894, 9.66754237579894, 8.378067234039152, 7.088592092279365, 5.799116950519577, 4.50964180875979, 3.220166667000002, 3.220166667], "Revenues": [174728000.0, 191619903.44238597, 210144838.80814365, 230460680.15047532, 252740564.063577, 277174365.1952566, 300396219.8668364, 321690082.5538231, 340345266.6593423, 355693619.09874696, 367147546.4576108, 378970309.3673471], "operatingMargin": [-25.852868458403922, -19.42610490142487, -12.999341344445819, -6.572577787466766, -0.14581423048771391, 6.28094932649134, 6.28094932649134, 6.28094932649134, 6.28094932649134, 6.28094932649134, 6.28094932649134, 6.28094932649134], "OperatingIncome": [-45172200.0, -37224283.45472694, -27317444.91440604, -15147207.47241497, -368531.7086196124, 17409181.423938118, 18867734.34853151, 20205191.07355379, 21376913.733985115, 22340935.97315542, 23060351.346458785, 23802933.09381054], "Effective_tax_rate": [0.0, 0.0, 0.0, 0.0, 0.0, 0.0, 5.4, 10.8, 16.200000000000003, 21.6, 27.0, 27.0], "EBIT(1-t)": [-45172200.0, -37224283.45472694, -27317444.91440604, -15147207.47241497, -368531.7086196124, 17409181.423938118, 17848876.693710808, 18023030.43760998, 17913853.709079526, 17515293.80295385, 16834056.482914913, 17376141.158481695], "Reinvestment": [15698660.342009373, 15698660.342009373, 17216334.98300587, 18880731.463047475, 20706034.178098395, 22707798.806613475, 21581464.17566443, 19789665.435429074, 17337382.959183607, 14264145.69426588, 10644822.580364782, 5474868.696642706], "Invested Capital": [352367800.0, 368066460.34200937, 383765120.68401873, 400981455.6670246, 419862187.1300721, 440568221.3081705, 463276020.114784, 484857484.2904484, 504647149.7258775, 521984532.68506116, 536248678.37932706, 546893500.9596919], "cost_to_capital": [0.0, 9.62456698797167, 9.62456698797167, 9.62456698797167, 9.62456698797167, 9.62456698797167, 9.243686923777336, 8.862806859583001, 8.481926795388667, 8.101046731194332, 7.720166666999998, 7.720166667], "ROIC": [-12.819616321355129, -10.113467937322497, -7.118271943452214, -3.7775331647738906, -0.08777444597682771, 3.9515290894666393, 3.8527521215728937, 3.7171810318624448, 3.5497780417089975, 3.3555196957381273, 3.139225728964311, 10.220166667], "FCFF": [-60870860.34200937, -52922943.796736315, -44533779.89741191, -34027938.935462445, -21074565.88671801, -5298617.382675357, -3732587.481953621, -1766634.9978190921, 576470.7498959191, 3251148.108687971, 6189233.902550131, 11901272.461838989], "Cumulated discount factor": [0.0, 0.912204287301516, 0.8321166617712669, 0.7590603864027752, 0.6924181387973569, 0.6316267948162851, 0.5781815065038867, 0.5311102323952162, 0.4895840699778136, 0.45289484679572123, 0.42043645197447066, 0.0], "PV FCFF": [0.0, -48276536.22800004, -37057300.26429075, -25829260.47684216, -14592411.687243553, -3346748.7143770894, -2158113.0534734935, -938277.9242492202, 282230.8959572064, 1472428.2245944373, 2602179.542428284, 0.0], "Price Target USD": [0.11450754152167397, 0.1254587662935416, 0.1374573397588686, 0.15060342781768363, 0.16500677599482544, 0.1807876256121278, 0.19807771758110015, 0.21702139219591632, 0.23777679410794902, 0.26051719254115935, 0.2854324277696979, 0.31273049593313124], "Price Target Local": [0.11450754152167397, 0.1254587662935416, 0.1374573397588686, 0.15060342781768363, 0.16500677599482544, 0.1807876256121278, 0.19807771758110015, 0.21702139219591632, 0.23777679410794902, 0.26051719254115935, 0.2854324277696979, 0.31273049593313124], "Terminal cash flow": 11901272.461838989, "Terminal cost of capital": 7.720166667, "Terminal value": 264472721.37419972, "PV(Terminal value)": 111193972.61860128, "PV (CF over next 10 years)": -127841809.68549637, "Sum of PV": -16647837.066895097, "Value of operating assets": -16647837.066895097, "Debt": 134823000, "Minority Interests": 0, "Cash Marketable": 319380000, "Non-operating assets": 0, "Value of equity": 167909162.9331049, "Value of equity in common stock": 167909162.9331049, "Number of shares": 1466358990, "Estimated value /share": 0.11450754152167397, "Estimated value /share (Local Currency)": 0.11450754152167397, "Current price": 1.75, "Valuation": 93.4567119130472}, "2011Q4": {"Date": [2011, 2012, 2013, 2014, 2015, 2016, 2017, 2018, 2019, 2020, 2021, "Terminal"], "revenueGrowth": [0.0, 9.66754237579894, 9.66754237579894, 9.66754237579894, 9.66754237579894, 9.66754237579894, 8.137267234039152, 6.606992092279365, 5.076716950519577, 3.546441808759789, 2.016166667000001, 2.016166667], "Revenues": [204242000.0, 223987181.89917928, 245641237.6256403, 269388708.36553603, 295431975.9023917, 323992987.3644155, 350357162.5658047, 373505232.5912618, 392467036.04529995, 406385651.09721076, 414579063.13410366, 422937668.0133743], "operatingMargin": [-31.80716992587225, -24.18954607539953, -16.571922224926812, -8.954298374454094, -1.336674523981376, 6.28094932649134, 6.28094932649134, 6.28094932649134, 6.28094932649134, 6.28094932649134, 6.28094932649134, 6.28094932649134], "OperatingIncome": [-64963600.0, -54181482.56849092, -40707474.85166877, -24121868.73413807, -3948963.957582067, 20349835.35774443, 22005755.842491083, 23459674.39085077, 24650655.657187793, 25524876.81554771, 26039500.873695593, 26564500.610564217], "Effective_tax_rate": [0.0, 0.0, 0.0, 0.0, 0.0, 0.0, 5.4, 10.8, 16.200000000000003, 21.6, 27.0, 27.0], "EBIT(1-t)": [-64963600.0, -54181482.56849092, -40707474.85166877, -24121868.73413807, -3948963.957582067, 20349835.35774443, 20817445.026996564, 20926029.55663889, 20657249.44072337, 20011503.423389405, 19008835.637797784, 19392085.445711877], "Reinvestment": [18350383.370568424, 18350383.370568424, 20124414.459039696, 22069950.75474874, 24203572.59628206, 26543463.233484898, 24501811.36160786, 21512891.67275573, 17622342.734327078, 12935404.874671932, 7614629.875669261, 4336396.7995801605], "Invested Capital": [518813000.0, 537163383.3705684, 555513766.7411368, 575638181.2001765, 597708131.9549252, 621911704.5512072, 648455167.784692, 672956979.1463, 694469870.8190557, 712092213.5533828, 725027618.4280547, 732642248.3037239], "cost_to_capital": [0.0, 9.692653361567174, 9.692653361567174, 9.692653361567174, 9.692653361567174, 9.692653361567174, 9.057356022653739, 8.422058683740303, 7.786761344826869, 7.151464005913434, 6.516166666999999, 6.516166667], "ROIC": [-12.52158292101393, -10.086592691503919, -7.327896676706123, -4.190456700395584, -0.6606843284306979, 3.2721422042425727, 3.2103136903226326, 3.1095642374027, 2.974535009900469, 2.8102404495522855, 2.6218084876561227, 9.016166667], "FCFF": [-83313983.37056842, -72531865.93905935, -60831889.31070846, -46191819.48888681, -28152536.55386413, -6193627.8757404685, -3684366.3346112967, -586862.1161168404, 3034906.706396293, 7076098.548717473, 11394205.762128523, 15055688.646131717], "Cumulated discount factor": [0.0, 0.9116380809057613, 0.8310839905575393, 0.757647814223377, 0.6907005993610441, 0.6296689688819613, 0.5773741376520851, 0.5325246030756949, 0.49405381183322195, 0.46107985216698133, 0.43287311832057274, 0.0], "PV FCFF": [0.0, -66122811.06919801, -50556409.32149811, -34997131.07075588, -19444973.87128766, -3899935.2781560733, -2127257.8352405713, -312518.5154452828, 1499407.2268532976, 3262646.4727616436, 4932245.379038812, 0.0], "Price Target USD": [-0.01448122291807454, -0.01587482911972314, -0.01740254956408873, -0.019077290788239148, -0.02091320139492973, -0.02292579158328486, -0.025132064182561798, -0.027550658296000508, -0.030202006768296027, -0.03310850880701519, -0.03629471921630351, -0.03978755584157249], "Price Target Local": [0.01448122291807454, 0.01587482911972314, 0.01740254956408873, 0.019077290788239148, 0.02091320139492973, 0.02292579158328486, 0.025132064182561798, 0.027550658296000508, 0.030202006768296027, 0.03310850880701519, 0.03629471921630351, 0.03978755584157249], "Terminal cash flow": 15055688.646131717, "Terminal cost of capital": 6.516166667, "Terminal value": 334570858.80292696, "PV(Terminal value)": 144826730.94921502, "PV (CF over next 10 years)": -167766737.88292783, "Sum of PV": -22940006.93371281, "Value of operating assets": -22940006.93371281, "Debt": 280148000, "Minority Interests": 0, "Cash Marketable": 280327000, "Non-operating assets": 0, "Value of equity": -22761006.93371284, "Value of equity in common stock": -22761006.93371284, "Number of shares": 1571760000, "Estimated value /share": -0.01448122291807454, "Estimated value /share (Local Currency)": 0.01448122291807454, "Current price": 2.24, "Valuation": 99.35351683401453}, "2020Q3": {"Date": [2019, 2020, 2021, 2022, 2023, 2024, 2025, 2026, 2027, 2028, 2029, "Terminal"], "revenueGrowth": [0.0, 45.72867724780082, 33.70829895713352, 21.687920666466226, 9.667542375798932, 9.66754237579894, 7.861933900639151, 6.056325425479363, 4.250716950319575, 2.445108475159787, 0.6394999999999991, 0.6395], "Revenues": [28176000000.0, 41060512101.340355, 54901312273.790146, 66808265324.57864, 73266982685.36847, 80350099283.94574, 86667170978.7475, 91916016890.27705, 95823106600.29066, 98166085500.93578, 98793857617.71425, 99425644337.17952], "operatingMargin": [7.049696195343555, 7.049696195343555, 7.049696195343555, 7.049696195343555, 7.049696195343555, 7.049696195343555, 7.049696195343555, 7.049696195343555, 7.049696195343555, 7.049696195343555, 7.049696195343555, 7.049696195343555], "OperatingIncome": [1986322400.0, 2894641359.396771, 3870375722.559068, 4709779738.761848, 5165099690.813442, 5664437892.175092, 6109772255.100656, 6479799945.625201, 6755237900.26069, 6920410794.677171, 6964666821.70913, 7009205866.033959], "Effective_tax_rate": [26.44889357218124, 26.44889357218124, 26.44889357218124, 26.44889357218124, 26.44889357218124, 26.44889357218124, 26.559114857744994, 26.669336143308747, 26.7795574288725, 26.889778714436254, 27.000000000000007, 27.0], "EBIT(1-t)": [1460962102.4236038, 2129040746.9535787, 2846704166.8558793, 3464095108.172571, 3798987970.6931324, 4166256742.6113954, 4487070824.321836, 4751680316.712479, 4946215087.303417, 5059527645.8585205, 5084206779.847665, 5116720282.20479], "Reinvestment": [9419749823.333532, 9419749823.333532, 10118883350.318384, 8705065276.390074, 4721909626.048793, 5178402240.093993, 4618353765.596129, 3837383593.4922223, 2856437815.8968344, 1712930603.17977, 458958495.25435823, 428318950.254593], "Invested Capital": [20599217800.0, 30018967623.333534, 39438717446.66707, 49557600796.98545, 58262666073.37553, 62984575699.42432, 68162977939.51831, 72781331705.11444, 76618715298.60666, 79475153114.5035, 81188083717.68326, 81647042212.93762], "cost_to_capital": [0.0, 5.636315748687015, 5.636315748687015, 5.636315748687015, 5.636315748687015, 5.636315748687015, 5.536952598949612, 5.437589449212209, 5.3382262994748055, 5.238863149737402, 5.139499999999999, 5.1395], "ROIC": [7.092318342415914, 7.092318342415914, 7.218044478006858, 6.990037960803158, 6.520449932566969, 6.61472542498921, 6.582856207226244, 6.528707575679839, 6.455622582585074, 6.366175398956485, 6.262257399161022, 7.6395], "FCFF": [-7958787720.909928, -7290709076.379953, -7272179183.462505, -5240970168.217503, -922921655.3556604, -1012145497.4825978, -131282941.27429295, 914296723.2202563, 2089777271.4065828, 3346597042.6787505, 4625248284.593307, 4688401331.950197], "Cumulated discount factor": [0.0, 0.9466441468661588, 0.8961351407959577, 0.8483210858355745, 0.803058190569391, 0.7602103356954423, 0.7203262146333838, 0.6831778101114069, 0.6485564017084775, 0.6162708169753692, 0.5861458509650219, 0.0], "PV FCFF": [0.0, -6901707073.659061, -6516855316.465605, -4446025503.934126, -741159794.5872238, -769443468.4138762, -94566544.13404825, 624627233.1616498, 1355338427.5156138, 2062410093.578988, 2711070091.6974516, 0.0], "Price Target USD": [13.952123042706083, 14.758745376848461, 15.612001444648847, 16.514587309708304, 17.469354904746037, 18.47932104295283, 19.547676950323176, 20.677798349085773, 21.873256124093324, 23.13782760587465, 24.475508506000565, 25.890525542476087], "Price Target Local": [13.952123042706083, 14.758745376848461, 15.612001444648847, 16.514587309708304, 17.469354904746037, 18.47932104295283, 19.547676950323176, 20.677798349085773, 21.873256124093324, 23.13782760587465, 24.475508506000565, 25.890525542476087], "Terminal cash flow": 4688401331.950197, "Terminal cost of capital": 5.1395, "Terminal value": 104186696265.55994, "PV(Terminal value)": 61068599741.8109, "PV (CF over next 10 years)": -12716311855.240234, "Sum of PV": 48352287886.57066, "Value of operating assets": 48352287886.57066, "Debt": 15163000000, "Minority Interests": 1469000000, "Cash Marketable": 14531000000, "Non-operating assets": 0, "Value of equity": 46251287886.57066, "Value of equity in common stock": 46251287886.57066, "Number of shares": 3315000000, "Estimated value /share": 13.952123042706083, "Estimated value /share (Local Currency)": 13.952123042706083, "Current price": 140.09, "Valuation": 90.0406002978756}, "2020Q1": {"Date": [2019, 2020, 2021, 2022, 2023, 2024, 2025, 2026, 2027, 2028, 2029, "Terminal"], "revenueGrowth": [0.0, 45.72867724780082, 33.70829895713352, 21.687920666466226, 9.667542375798932, 9.66754237579894, 7.996500567239152, 6.325458758679364, 4.654416950119576, 2.9833751415597884, 1.3123333330000004, 1.312333333], "Revenues": [26021676000.0, 37921044232.508446, 50703583190.06923, 61700136087.38715, 67665022889.56092, 74206567651.00328, 80140496254.14445, 85209750293.70134, 89175767354.52592, 91836215030.07605, 93041412291.6813, 94262425758.679], "operatingMargin": [3.9952230594216918, 4.452368312835621, 4.909513566249551, 5.36665881966348, 5.82380407307741, 6.28094932649134, 6.28094932649134, 6.28094932649134, 6.28094932649134, 6.28094932649134, 6.28094932649134, 6.28094932649134], "OperatingIncome": [1039624000.0, 1688384557.3045862, 2489299295.2910757, 3311235795.0781326, 3940678359.0910106, 4660876911.088032, 5033583959.721504, 5351981237.177187, 5601084759.047581, 5768186129.406701, 5843883958.692389, 5920575195.824148], "Effective_tax_rate": [27.0, 27.0, 27.0, 27.0, 27.0, 27.0, 27.0, 27.0, 27.0, 27.0, 27.0, 27.0], "EBIT(1-t)": [758925520.0, 1232520726.8323479, 1817188485.5624852, 2417202130.407037, 2876695202.1364374, 3402440145.094263, 3674516290.596698, 3906946303.1393466, 4088791874.104734, 4210775874.466892, 4266035289.8454437, 4322019892.951628], "Reinvestment": [9217422376.277096, 9217422376.277096, 9901539166.690449, 8518088587.320389, 4620487408.07193, 5067174986.215743, 4596506740.282132, 3926717343.496709, 3072134056.7704215, 2060821167.6764503, 933563193.4306791, 682351217.6649513], "Invested Capital": [20156765800.0, 29374188176.277096, 38591610552.55419, 48493149719.244644, 57011238306.56503, 61631725714.63696, 66698900700.85271, 71295407441.13484, 75222124784.63155, 78294258841.40196, 80355080009.07841, 81288643202.5091], "cost_to_capital": [0.0, 8.08693714571275, 8.08693714571275, 8.08693714571275, 8.08693714571275, 8.08693714571275, 7.6320163831702, 7.17709562062765, 6.722174858085101, 6.267254095542551, 5.8123333330000015, 5.812333333], "ROIC": [3.765115532572195, 4.1959312013522965, 4.708765608752792, 4.984625961402056, 5.045838833858791, 5.520598532074229, 5.509110722944375, 5.479941055621461, 5.435624007978176, 5.3781413053497555, 5.308980203073001, 8.312333333], "FCFF": [-8458496856.277096, -7984901649.444748, -8084350681.127964, -6100886456.913352, -1743792205.9354925, -1664734841.12148, -921990449.6854343, -19771040.35736227, 1016657817.3343124, 2149954706.7904415, 3332472096.4147644, 3639668675.2866764], "Cumulated discount factor": [0.0, 0.9251811795276361, 0.855960214952148, 0.7919182812981572, 0.7326678895809274, 0.6778505422845063, 0.629785230327152, 0.5876117716012651, 0.5505995097857103, 0.5181271638868907, 0.48966613585233254, 0.0], "PV FCFF": [0.0, -7387480726.445459, -6919882546.766836, -4831403517.354026, -1277620555.3904274, -1128441414.8141065, -580655967.7145756, -11617696.050789753, 559771295.8440826, 1113949934.7146032, 1631798734.2871394, 0.0], "Price Target USD": [4.075909421896843, 4.410253455410374, 4.772023498968573, 5.1634692892246274, 5.587025107174868, 6.045324916203718, 6.541218741892015, 7.077790395449687, 7.658376650989364, 8.2865879958985, 8.966331083350171, 9.701833026577829], "Price Target Local": [4.075909421896843, 4.410253455410374, 4.772023498968573, 5.1634692892246274, 5.587025107174868, 6.045324916203718, 6.541218741892015, 7.077790395449687, 7.658376650989364, 8.2865879958985, 8.966331083350171, 9.701833026577829], "Terminal cash flow": 3639668675.2866764, "Terminal cost of capital": 5.812333333, "Terminal value": 80881526117.4817, "PV(Terminal value)": 39604944355.78678, "PV (CF over next 10 years)": -18831582459.690395, "Sum of PV": 20773361896.096386, "Value of operating assets": 20773361896.096386, "Debt": 15200000000, "Minority Interests": 1499000000, "Cash Marketable": 8080000000, "Non-operating assets": 0, "Value of equity": 12154361896.096386, "Value of equity in common stock": 12154361896.096386, "Number of shares": 2982000000, "Estimated value /share": 4.075909421896843, "Estimated value /share (Local Currency)": 4.075909421896843, "Current price": 52.13, "Valuation": 92.18125950144476}, "2020Q2": {"Date": [2019, 2020, 2021, 2022, 2023, 2024, 2025, 2026, 2027, 2028, 2029, "Terminal"], "revenueGrowth": [0.0, 45.72867724780082, 33.70829895713352, 21.687920666466226, 9.667542375798932, 9.66754237579894, 7.875300567239152, 6.083058758679364, 4.290816950119576, 2.4985751415597885, 0.7063333330000006, 0.706333333], "Revenues": [25708000000.0, 37463928346.86463, 50092381315.11205, 60956377234.67731, 66849360834.5916, 73312051121.22649, 79085595499.0311, 83896418742.88864, 87496260498.85179, 89682420313.47049, 90315877141.9857, 90953808287.23088], "operatingMargin": [5.624505212385249, 5.755794035206467, 5.887082858027685, 6.018371680848903, 6.149660503670121, 6.28094932649134, 6.28094932649134, 6.28094932649134, 6.28094932649134, 6.28094932649134, 6.28094932649134, 6.28094932649134], "OperatingIncome": [1445947800.0, 2156346553.1428595, 2948979993.5798244, 3668581345.163246, 4111008740.2008023, 4604692781.135662, 4967326177.84806, 5269491547.981819, 5495595784.50774, 5632907374.660058, 5672694477.064298, 5712762609.035053], "Effective_tax_rate": [15.964912280701753, 15.964912280701753, 15.964912280701753, 15.964912280701753, 15.964912280701753, 15.964912280701753, 18.171929824561403, 20.378947368421052, 22.5859649122807, 24.79298245614035, 27.0, 27.0], "EBIT(1-t)": [1215103502.105263, 1812087717.465666, 2478177924.429361, 3082895551.4617453, 3454689800.975762, 3869557617.8315473, 4064667150.652442, 4195624638.8352084, 4254362448.8980446, 4236341637.489954, 4141066968.256937, 4170316704.5955887], "Reinvestment": [8794141551.719704, 8794141551.719704, 9446842453.035366, 8126922444.150743, 4408306210.324146, 4834481081.26221, 4318958487.6204815, 3598785169.362666, 2692898172.8758483, 1635379044.273067, 473863811.72967553, 382235438.0920443], "Invested Capital": [19231130400.0, 28025271951.719704, 36819413503.43941, 46266255956.47478, 54393178400.62552, 58801484610.94966, 63635965692.21187, 67954924179.83235, 71553709349.19502, 74246607522.07088, 75881986566.34395, 76355850378.07362], "cost_to_capital": [0.0, 6.408325153319548, 6.408325153319548, 6.408325153319548, 6.408325153319548, 6.408325153319548, 6.167926789255638, 5.927528425191729, 5.687130061127819, 5.4467316970639095, 5.206333333, 5.206333333], "ROIC": [6.318419545973558, 6.465905917300016, 6.730628460982594, 6.6633780662130855, 6.351329160305206, 6.580714149368571, 6.387374036738942, 6.174128938371158, 5.9456909887592095, 5.705771319222417, 5.457246384339694, 7.706333333], "FCFF": [-7579038049.614441, -6982053834.254038, -6968664528.606005, -5044026892.688997, -953616409.3483844, -964923463.4306626, -254291336.9680395, 596839469.4725423, 1561464276.0221963, 2600962593.216887, 3667203156.5272617, 3788081266.5035443], "Cumulated discount factor": [0.0, 0.939776092292722, 0.8831791036449786, 0.8299906068180669, 0.780005329115148, 0.7330303601633322, 0.6904442634717777, 0.6518081500970582, 0.6167337023155632, 0.584877020264001, 0.5559332805685216, 0.0], "PV FCFF": [0.0, -6561567268.532676, -6154578891.976809, -4186494941.469589, -743825881.2233922, -707318193.9286286, -175573994.86015168, 389024830.5018074, 963007643.9846597, 1521243251.338822, 2038720281.3194385, 0.0], "Price Target USD": [8.421772509147592, 8.976119064623093, 9.566954388138074, 10.196680280840006, 10.867856637697065, 11.58321185371188, 12.345653915103785, 13.158282220546234, 14.024400180513856, 14.947528645956664, 15.931420220890232, 16.980074517083885], "Price Target Local": [8.421772509147592, 8.976119064623093, 9.566954388138074, 10.196680280840006, 10.867856637697065, 11.58321185371188, 12.345653915103785, 13.158282220546234, 14.024400180513856, 14.947528645956664, 15.931420220890232, 16.980074517083885], "Terminal cash flow": 3788081266.5035443, "Terminal cost of capital": 5.206333333, "Terminal value": 84179583700.07877, "PV(Terminal value)": 46798232123.27724, "PV (CF over next 10 years)": -13617363164.846518, "Sum of PV": 33180868958.430717, "Value of operating assets": 33180868958.430717, "Debt": 14139000000, "Minority Interests": 1482000000, "Cash Marketable": 8615000000, "Non-operating assets": 0, "Value of equity": 26174868958.430717, "Value of equity in common stock": 26174868958.430717, "Number of shares": 3108000000, "Estimated value /share": 8.421772509147592, "Estimated value /share (Local Currency)": 8.421772509147592, "Current price": 98.43, "Valuation": 91.44389666854863}, "2020Q4": {"Date": [2020, 2021, 2022, 2023, 2024, 2025, 2026, 2027, 2028, 2029, 2030, "Terminal"], "revenueGrowth": [0.0, 49.160260217152135, 35.99602093670107, 22.83178165625001, 9.667542375798943, 9.66754237579894, 7.903733900639152, 6.139925425479364, 4.376116950319576, 2.6123084751597876, 0.8484999999999996, 0.8485], "Revenues": [31536000000.0, 47039179662.0811, 63971412621.69624, 78577225873.9007, 86173712482.98729, 94504592654.07922, 101973984181.3406, 108235110763.46504, 112971605791.78221, 115922772624.40504, 116906377350.12312, 117898327961.93893], "operatingMargin": [7.4144958143074575, 7.4144958143074575, 7.4144958143074575, 7.4144958143074575, 7.4144958143074575, 7.4144958143074575, 7.4144958143074575, 7.4144958143074575, 7.4144958143074575, 7.4144958143074575, 7.4144958143074575, 7.4144958143074575], "OperatingIncome": [2338235400.0, 3487718007.129568, 4743157711.189021, 5826105123.419284, 6389346305.084435, 7007039066.665017, 7560856788.808048, 8025087757.168157, 8376274982.787614, 8595089124.065664, 8668018455.283361, 8741566591.876442], "Effective_tax_rate": [25.30329289428076, 25.30329289428076, 25.30329289428076, 25.30329289428076, 25.30329289428076, 25.30329289428076, 25.64263431542461, 25.981975736568458, 26.321317157712308, 26.660658578856157, 27.000000000000007, 27.0], "EBIT(1-t)": [1746584848.1802428, 2605210504.4590015, 3542982623.0891995, 4351908679.711805, 4772631295.479015, 5234027448.410091, 5622053931.341044, 5940011403.2624, 6171529078.565974, 6303581758.15012, 6327653472.3568535, 6381343612.069802], "Reinvestment": [9212529724.788897, 9212529724.788897, 10061723004.412718, 8679283325.972025, 4514097121.724046, 4950499373.851439, 4438572794.153165, 3720579649.190776, 2814590438.2707324, 1753686196.0547874, 584492211.9611328, 689885972.458588], "Invested Capital": [18739790400.0, 27952320124.788895, 37164849849.57779, 47226572853.99051, 55905856179.96253, 60419953301.68658, 65370452675.53802, 69809025469.69118, 73529605118.88196, 76344195557.1527, 78097881753.20749, 78682373965.16862], "cost_to_capital": [0.0, 5.873076369863685, 5.873076369863685, 5.873076369863685, 5.873076369863685, 5.873076369863685, 5.768161095890948, 5.663245821918211, 5.558330547945474, 5.453415273972737, 5.3485, 5.3485], "ROIC": [9.320194147850462, 9.320194147850462, 9.533154680912695, 9.214957632362013, 8.53690761861473, 8.662746596767045, 8.600298301811895, 8.508944743601042, 8.393257475798906, 8.256792428222184, 8.102208831159464, 7.8485], "FCFF": [-7465944876.608654, -6607319220.329895, -6518740381.323519, -4327374646.26022, 258534173.7549696, 283528074.5586519, 1183481137.1878796, 2219431754.071624, 3356938640.295242, 4549895562.095332, 5743161260.3957205, 5691457639.611215], "Cumulated discount factor": [0.0, 0.9445271964201142, 0.892131624777241, 0.8426425823885687, 0.7958988359276798, 0.7517480961328039, 0.7107508425444384, 0.6726566432970622, 0.6372369094938802, 0.6042828559305642, 0.5736036639634776, 0.0], "PV FCFF": [0.0, -6240792699.0309305, -5815574447.891162, -3646430146.8875303, 205767047.93910483, 213141690.24966627, 841160215.3917356, 1492915513.7207294, 2139165204.5023284, 2749423884.448767, 3294298341.6960893, 0.0], "Price Target USD": [21.937025916437094, 23.238439366815513, 24.61705913382397, 26.077465480042243, 27.624510391999834, 29.263333700191737, 30.999380155413636, 32.838417518150244, 34.786555721116095, 36.85026716861351, 39.03640824014947, 41.35224206975386], "Price Target Local": [21.937025916437094, 23.238439366815513, 24.61705913382397, 26.077465480042243, 27.624510391999834, 29.263333700191737, 30.999380155413636, 32.838417518150244, 34.786555721116095, 36.85026716861351, 39.03640824014947, 41.35224206975386], "Terminal cash flow": 5691457639.611215, "Terminal cost of capital": 5.3485, "Terminal value": 126476836435.80478, "PV(Terminal value)": 72547576786.08708, "PV (CF over next 10 years)": -4766925395.861204, "Sum of PV": 67780651390.225876, "Value of operating assets": 67780651390.225876, "Debt": 11739000000, "Minority Interests": 1454000000, "Cash Marketable": 19384000000, "Non-operating assets": 0, "Value of equity": 73971651390.22588, "Value of equity in common stock": 73971651390.22588, "Number of shares": 3372000000, "Estimated value /share": 21.937025916437094, "Estimated value /share (Local Currency)": 21.937025916437094, "Current price": 287.81, "Valuation": 92.37794867571067}, "2015Q3": {"Date": [2014, 2015, 2016, 2017, 2018, 2019, 2020, 2021, 2022, 2023, 2024, "Terminal"], "revenueGrowth": [0.0, 125.52940696975311, 86.90878543843505, 48.28816390711699, 9.66754237579893, 9.66754237579894, 8.174200567239152, 6.680858758679364, 5.187516950119576, 3.6941751415597883, 2.2008333330000003, 2.200833333], "Revenues": [3788306000.0, 8543744055.999577, 15969008246.037294, 23680149122.22481, 25969437573.268272, 28480043955.420635, 30808059869.974586, 32866302836.176968, 34571247866.68128, 35848370311.49924, 36637333194.65199, 37443659835.92217], "operatingMargin": [-2.432580683820156, -0.6898746817578565, 1.0528313203044428, 2.795537322366742, 4.538243324429041, 6.28094932649134, 6.28094932649134, 6.28094932649134, 6.28094932649134, 6.28094932649134, 6.28094932649134, 6.28094932649134], "OperatingIncome": [-92153600.0, -58941127.116532855, 168126720.3562798, 661987406.7038951, 1178556267.0606146, 1788817129.0024302, 1935038628.9082177, 2064315826.6314616, 2171402560.04197, 2251617973.638233, 2301172332.5338826, 2351817300.2780623], "Effective_tax_rate": [0.0, 0.0, 0.0, 0.0, 0.0, 0.0, 5.4, 10.8, 16.200000000000003, 21.6, 27.0, 27.0], "EBIT(1-t)": [-92153600.0, -58941127.116532855, 168126720.3562798, 661987406.7038951, 1178556267.0606146, 1788817129.0024302, 1830546542.9471738, 1841369717.3552637, 1819635345.3151705, 1765268491.3323748, 1679855802.7497342, 1716826629.2029855], "Reinvestment": [4419514181.644995, 4419514181.644995, 6900743949.115452, 7166426322.382145, 2127573244.8029976, 2333257289.820492, 2163565002.489299, 1912848799.8968253, 1584507810.323089, 1186906587.806173, 733230589.8688037, 410663810.089903], "Invested Capital": [3833127800.0, 8252641981.644995, 12672156163.28999, 19572900112.40544, 26739326434.787586, 28866899679.590584, 31200156969.411076, 33363721971.900375, 35276570771.7972, 36861078582.12029, 38047985169.92647, 38781215759.79527], "cost_to_capital": [0.0, 9.066887647634685, 9.066887647634685, 9.066887647634685, 9.066887647634685, 9.066887647634685, 8.593676784707748, 8.120465921780811, 7.647255058853874, 7.174044195926937, 6.700833333, 6.700833333], "ROIC": [-2.404135860014894, -0.7142091859507051, 1.3267412284842783, 3.382163107675203, 4.407576495746449, 6.1967760613626135, 5.867106837769627, 5.519077634402132, 5.158197935639273, 4.7889767723417345, 4.415097922392774, 9.200833333], "FCFF": [-4511667781.644995, -4478455308.761528, -6732617228.759172, -6504438915.678249, -949016977.742383, -544440160.8180616, -333018459.542125, -71479082.5415616, 235127534.99208164, 578361903.5262017, 946625212.8809304, 1306162819.1130824], "Cumulated discount factor": [0.0, 0.9168685579721747, 0.8406479525979751, 0.7707636760607665, 0.7066889802071673, 0.6479409062173722, 0.5966654094436332, 0.5518524216084009, 0.5126488560313843, 0.47833303285094014, 0.4482936242476405, 0.0], "PV FCFF": [0.0, -4106154860.8870125, -5659760888.982251, -5013385249.360873, -670659840.2000526, -352765051.1815867, -198700595.51499, -39445904.79490754, 120537861.83516994, 276649603.39913094, 424366047.4865865, 0.0], "Price Target USD": [-1.7883238905490624, -1.9476992227485401, -2.1212780762720524, -2.3103262682019428, -2.516222425173158, -2.7404680369547143, -2.984698406005821, -3.2506945728558767, -3.540396304273713, -3.8559162389418042, -4.199555293792227, -4.573819443354484], "Price Target Local": [1.7883238905490624, 1.9476992227485401, 2.1212780762720524, 2.3103262682019428, 2.516222425173158, 2.7404680369547143, 2.984698406005821, 3.2506945728558767, 3.540396304273713, 3.8559162389418042, 4.199555293792227, 4.573819443354484], "Terminal cash flow": 1306162819.1130824, "Terminal cost of capital": 6.700833333, "Terminal value": 29025840424.73516, "PV(Terminal value)": 13012099200.8382, "PV (CF over next 10 years)": -15219318878.200785, "Sum of PV": -2207219677.362585, "Value of operating assets": -2207219677.362585, "Debt": 2679384000, "Minority Interests": 0, "Cash Marketable": 1426036000, "Non-operating assets": 0, "Value of equity": -3460567677.362585, "Value of equity in common stock": -3460567677.362585, "Number of shares": 1935090000, "Estimated value /share": -1.7883238905490624, "Estimated value /share (Local Currency)": 1.7883238905490624, "Current price": 15.45, "Valuation": 88.42508808706108}, "2015Q1": {"Date": [2014, 2015, 2016, 2017, 2018, 2019, 2020, 2021, 2022, 2023, 2024, "Terminal"], "revenueGrowth": [0.0, 125.52940696975311, 86.90878543843505, 48.28816390711699, 9.66754237579893, 9.66754237579894, 8.126733900639152, 6.585925425479364, 5.045116950319576, 3.504308475159788, 1.9635, 1.9635], "Revenues": [3517694000.0, 7933434417.210588, 14828285912.763098, 21988592918.934082, 24114349457.213955, 26445614409.638355, 28594779121.09875, 30478009949.594856, 32015661195.681953, 33137588724.34068, 33788245278.94311, 34451677474.99516], "operatingMargin": [3.552890046718106, 4.098501902672753, 4.6441137586274, 5.189725614582047, 5.7353374705366935, 6.28094932649134, 6.28094932649134, 6.28094932649134, 6.28094932649134, 6.28094932649134, 6.28094932649134, 6.28094932649134], "OperatingIncome": [124979800.0, 325151960.53667104, 688642466.2432396, 1141147639.0000963, 1383039320.1957538, 1661035640.148677, 1796023586.6183383, 1914308360.6570418, 2010887456.241935, 2081355155.7969463, 2122222564.2810194, 2163892404.3306775], "Effective_tax_rate": [0.0, 0.0, 0.0, 0.0, 0.0, 0.0, 5.4, 10.8, 16.200000000000003, 21.6, 27.0, 27.0], "EBIT(1-t)": [124979800.0, 325151960.53667104, 688642466.2432396, 1141147639.0000963, 1383039320.1957538, 1661035640.148677, 1699038312.940948, 1707563057.7060814, 1685123688.3307414, 1631782442.144806, 1549222471.9251442, 1579641455.1613946], "Reinvestment": [3681319324.0874205, 3681319324.0874205, 5748107372.517233, 5969412614.355383, 1772203047.1207545, 1943531527.6863568, 1791717998.6643689, 1570013946.843209, 1281910780.7753131, 935329775.133392, 542440071.5373492, 346028448.3973223], "Invested Capital": [2932635000.0, 6613954324.08742, 10295273648.17484, 16043381020.692074, 22012793635.047455, 23784996682.16821, 25728528209.854565, 27520246208.518932, 29090260155.36214, 30372170936.137455, 31307500711.270847, 31849940782.808197], "cost_to_capital": [0.0, 8.494574459585872, 8.494574459585872, 8.494574459585872, 8.494574459585872, 8.494574459585872, 8.088359567668697, 7.682144675751522, 7.275929783834348, 6.869714891917174, 6.4635, 6.4635], "ROIC": [4.261689572688043, 4.916150680879321, 6.688918524912866, 7.112887473832931, 6.282888683396193, 6.983543711796974, 6.60371358626795, 6.20475211147458, 5.792741898253964, 5.372623661232185, 4.948406729149787, 8.9635], "FCFF": [-3556339524.0874205, -3356167363.5507493, -5059464906.2739935, -4828264975.355287, -389163726.92500067, -282495887.5376797, -92679685.72342086, 137549110.86287236, 403212907.55542827, 696452667.0114139, 1006782400.387795, 1233613006.7640724], "Cumulated discount factor": [0.0, 0.9217050760197221, 0.8495402471605217, 0.7830255580909021, 0.7217186315455603, 0.6652117261535504, 0.6154332703486861, 0.5715276866019486, 0.5327641417358038, 0.4985174165334076, 0.4682519516392074, 0.0], "PV FCFF": [0.0, -3093396494.956454, -4298219066.975994, -3780654876.938329, -280866712.44348156, -187919576.98021916, -57038162.07965333, 78613125.12561241, 214817378.63056573, 347193784.29633164, 471427823.8575909, 0.0], "Price Target USD": [0.6224678629241912, 0.6742642146970925, 0.7303706075448516, 0.7911456855308264, 0.8569779359523371, 0.928288172634561, 1.0055322258625095, 1.0892038561457038, 1.1798379104409604, 1.2780137410085337, 1.3843589087556782, 1.499553194740193], "Price Target Local": [0.6224678629241912, 0.6742642146970925, 0.7303706075448516, 0.7911456855308264, 0.8569779359523371, 0.928288172634561, 1.0055322258625095, 1.0892038561457038, 1.1798379104409604, 1.2780137410085337, 1.3843589087556782, 1.499553194740193], "Terminal cash flow": 1233613006.7640724, "Terminal cost of capital": 6.4635, "Terminal value": 27413622372.534943, "PV(Terminal value)": 12836482177.439726, "PV (CF over next 10 years)": -10586042778.46403, "Sum of PV": 2250439398.9756966, "Value of operating assets": 2250439398.9756966, "Debt": 2584546000, "Minority Interests": 0, "Cash Marketable": 1510076000, "Non-operating assets": 0, "Value of equity": 1175969398.9756966, "Value of equity in common stock": 1175969398.9756966, "Number of shares": 1889205000, "Estimated value /share": 0.6224678629241912, "Estimated value /share (Local Currency)": 0.6224678629241912, "Current price": 15.97, "Valuation": 96.10226760848973}, "2015Q2": {"Date": [2014, 2015, 2016, 2017, 2018, 2019, 2020, 2021, 2022, 2023, 2024, "Terminal"], "revenueGrowth": [0.0, 125.52940696975311, 86.90878543843505, 48.28816390711699, 9.66754237579893, 9.66754237579894, 8.165400567239152, 6.663258758679364, 5.161116950119576, 3.6589751415597878, 2.156833333, 2.156833333], "Revenues": [3703321000.0, 8352077889.486332, 15610767342.110981, 23148920263.428223, 25386851939.43505, 27841136608.56127, 30114476935.122562, 32121082457.132595, 33778889088.389553, 35014850243.22878, 35770062204.77477, 36541562829.64219], "operatingMargin": [0.9824857202494733, 2.042178441497847, 3.1018711627462205, 4.161563883994594, 5.221256605242967, 6.28094932649134, 6.28094932649134, 6.28094932649134, 6.28094932649134, 6.28094932649134, 6.28094932649134, 6.28094932649134], "OperatingIncome": [36384600.0, 170564334.07619825, 484225890.46834517, 963357105.2175353, 1325512683.751005, 1748687682.3029633, 1891475036.2329707, 2017508912.2529979, 2121634906.6934605, 2199265000.5240297, 2246699481.1363344, 2295157044.437821], "Effective_tax_rate": [0.0, 0.0, 0.0, 0.0, 0.0, 0.0, 5.4, 10.8, 16.200000000000003, 21.6, 27.0, 27.0], "EBIT(1-t)": [36384600.0, 170564334.07619825, 484225890.46834517, 963357105.2175353, 1325512683.751005, 1748687682.3029633, 1789335384.2763903, 1799617949.729674, 1777930051.8091197, 1724223760.4108393, 1640090621.2295241, 1675464642.4396093], "Reinvestment": [4276115313.1322017, 4276115313.1322017, 6676837240.475515, 6933899084.393424, 2058540409.191804, 2257550675.573371, 2091110723.4613492, 1845757221.5678592, 1524917841.6196525, 1136887246.6954434, 694674621.6673523, 394644945.2184952], "Invested Capital": [3406465000.0, 7682580313.132202, 11958695626.264404, 18635532866.73992, 25569431951.133347, 27627972360.32515, 29885523035.89852, 31976633759.35987, 33822390980.92773, 35347308822.547386, 36484196069.24283, 37178870690.91018], "cost_to_capital": [0.0, 8.784379118162747, 8.784379118162747, 8.784379118162747, 8.784379118162747, 8.784379118162747, 8.358869961130198, 7.933360804097648, 7.507851647065099, 7.082342490032549, 6.656833333, 6.656833333], "ROIC": [1.0681043251581919, 2.220143846523081, 4.049153064861516, 5.1694636912524405, 5.18397391965625, 6.3294101336736075, 5.987298204977169, 5.627915568826592, 5.256665777448097, 4.8779491787249984, 4.495345376712755, 9.156833333], "FCFF": [-4239730713.1322017, -4105550979.0560036, -6192611350.00717, -5970541979.175889, -733027725.440799, -508862993.2704077, -301775339.18495893, -46139271.83818507, 253012210.1894672, 587336513.7153959, 945415999.5621718, 1280819697.2211142], "Cumulated discount factor": [0.0, 0.9192496276637194, 0.8450198779598868, 0.7767842081830675, 0.7140585941473419, 0.6563980968000229, 0.6057631433730177, 0.5612380999351038, 0.5220438240897778, 0.48751625333408327, 0.4570886253597818, 0.0], "PV FCFF": [0.0, -3774026208.85165, -5232879687.236068, -4637822723.717908, -523424747.0992806, -334016700.31465846, -182804378.05713934, -25895117.258852232, 132083461.74871609, 286336096.61283225, 432138899.6330172, 0.0], "Price Target USD": [-1.2563942669501673, -1.364705849688444, -1.4823547871599192, -1.6101460366111715, -1.7489539492646256, -1.8997282526535193, -2.0635005486836513, -2.241391371881823, -2.434617856123705, -2.6445020622970907, -2.8724800238786328, -3.120111572314151], "Price Target Local": [1.2563942669501673, 1.364705849688444, 1.4823547871599192, 1.6101460366111715, 1.7489539492646256, 1.8997282526535193, 2.0635005486836513, 2.241391371881823, 2.434617856123705, 2.6445020622970907, 2.8724800238786328, 3.120111572314151], "Terminal cash flow": 1280819697.2211142, "Terminal cost of capital": 6.656833333, "Terminal value": 28462659938.246983, "PV(Terminal value)": 13009958105.256245, "PV (CF over next 10 years)": -13860311104.54099, "Sum of PV": -850352999.2847462, "Value of operating assets": -850352999.2847462, "Debt": 2687890000, "Minority Interests": 0, "Cash Marketable": 1150673000, "Non-operating assets": 0, "Value of equity": -2387569999.284746, "Value of equity in common stock": -2387569999.284746, "Number of shares": 1900335000, "Estimated value /share": -1.2563942669501673, "Estimated value /share (Local Currency)": 1.2563942669501673, "Current price": 16.17, "Valuation": 92.23009111348073}, "2015Q4": {"Date": [2015, 2016, 2017, 2018, 2019, 2020, 2021, 2022, 2023, 2024, 2025, "Terminal"], "revenueGrowth": [0.0, 53.38459764055334, 38.81224588563521, 24.239894130717076, 9.667542375798943, 9.66754237579894, 8.171367234039153, 6.675192092279365, 5.179016950519577, 3.6828418087597887, 2.186666667000001, 2.186666667], "Revenues": [4046024000.0, 6205977632.840221, 8614656931.30569, 10702840651.17867, 11737542306.545605, 12872274182.90823, 13924114977.766073, 14853576399.6818, 15622845639.179695, 16198210330.097412, 16552411196.036203, 16914357254.244703], "operatingMargin": [-6.259354862946933, -3.751294025059278, -1.2432331871716231, 1.2648276507160316, 3.7728884886036864, 6.28094932649134, 6.28094932649134, 6.28094932649134, 6.28094932649134, 6.28094932649134, 6.28094932649134, 6.28094932649134], "OperatingIncome": [-253255000.0, -232804468.13725042, -107100273.93097289, 135372487.9681836, 442844382.52864677, 808501018.5954932, 874566605.915878, 932945606.8356907, 981263017.9528388, 1017401382.6319041, 1039648559.5355132, 1062382208.0408219], "Effective_tax_rate": [0.0, 0.0, 0.0, 0.0, 0.0, 0.0, 5.4, 10.8, 16.200000000000003, 21.6, 27.0, 27.0], "EBIT(1-t)": [-253255000.0, -232804468.13725042, -107100273.93097289, 135372487.9681836, 442844382.52864677, 808501018.5954932, 827340009.1964206, 832187481.2974361, 822298409.0444789, 797642683.9834129, 758943448.4609246, 775539011.8698], "Reinvestment": [2007374630.816521, 2007374630.816521, 2238530329.5398045, 1940674540.4275866, 961610389.1620375, 1054574481.0243623, 977538820.8121359, 863804319.8283321, 714928104.0838999, 534720961.8092995, 329180136.8735072, 184598545.66243932], "Invested Capital": [3987853200.0, 5995227830.816521, 8002602461.633041, 10241132791.172846, 12181807331.600433, 13143417720.76247, 14197992201.786833, 15175531022.598969, 16039335342.427301, 16754263446.511202, 17288984408.320503, 17618164545.19401], "cost_to_capital": [0.0, 9.532942776898526, 9.532942776898526, 9.532942776898526, 9.532942776898526, 9.532942776898526, 8.96368755491882, 8.394432332939115, 7.82517711095941, 7.255921888979705, 6.686666667, 6.686666667], "ROIC": [-6.350660049371928, -3.8831629874113323, -1.3383180589620043, 1.3218507242173974, 3.635292945242029, 6.151375812383377, 5.827162020079846, 5.483745379704778, 5.1267611250033065, 4.760834079814525, 4.3897514772219655, 9.186666667], "FCFF": [-2260629630.8165207, -2240179098.9537716, -2345630603.4707775, -1805302052.459403, -518766006.6333907, -246073462.42886913, -150198811.61571538, -31616838.53089595, 107370304.96057904, 262921722.17411333, 429763311.5874174, 590940466.2073606], "Cumulated discount factor": [0.0, 0.9129673453920101, 0.8335093737521339, 0.7609668403138424, 0.6947378761326743, 0.6342729945161308, 0.5820957501979278, 0.5370162818049461, 0.49804349614220433, 0.4643505807145341, 0.4352470605946541, 0.0], "PV FCFF": [0.0, -2045210365.17449, -1955105095.3527675, -1373774998.6721265, -360406393.6583107, -156077751.88571143, -87430089.92628708, -16978757.070289098, 53475082.064421445, 122087854.37401493, 187053218.1198479, 0.0], "Price Target USD": [-0.7299137494136578, -0.7982474305679079, -0.8729784319313495, -0.9547056632241621, -1.0440841034019543, -1.1418300497927474, -1.2487268586520917, -1.3656312231423158, -1.4934800390489331, -1.6332979132574788, -1.7862053751652653, -1.9534278568360113], "Price Target Local": [0.7299137494136578, 0.7982474305679079, 0.8729784319313495, 0.9547056632241621, 1.0440841034019543, 1.1418300497927474, 1.2487268586520917, 1.3656312231423158, 1.4934800390489331, 1.6332979132574788, 1.7862053751652653, 1.9534278568360113], "Terminal cash flow": 590940466.2073606, "Terminal cost of capital": 6.686666667, "Terminal value": 13132010360.163568, "PV(Terminal value)": 5715668908.959739, "PV (CF over next 10 years)": -5632367297.181697, "Sum of PV": 83301611.77804184, "Value of operating assets": 83301611.77804184, "Debt": 2715585000, "Minority Interests": 0, "Cash Marketable": 1196908000, "Non-operating assets": 0, "Value of equity": -1435375388.2219582, "Value of equity in common stock": -1435375388.2219582, "Number of shares": 1966500000, "Estimated value /share": -0.7299137494136578, "Estimated value /share (Local Currency)": 0.7299137494136578, "Current price": 11.93, "Valuation": 93.88169531086623}, "2017Q3": {"Date": [2016, 2017, 2018, 2019, 2020, 2021, 2022, 2023, 2024, 2025, 2026, "Terminal"], "revenueGrowth": [0.0, 56.65593417225202, 40.99313690676766, 25.330339641283302, 9.667542375798943, 9.66754237579894, 8.181067234039151, 6.694592092279363, 5.208116950519575, 3.7216418087597867, 2.2351666669999988, 2.235166667], "Revenues": [10755133000.0, 16848554072.618155, 23755304910.417294, 29772604327.048447, 32650883466.744804, 35807421461.96509, 38736850686.54422, 41330124829.40367, 43482646066.31474, 45100914401.87375, 46108995007.09663, 47139607893.98395], "operatingMargin": [-4.63860558488677, -2.454694602611148, -0.27078362033552583, 1.9131273619400964, 4.0970383442157186, 6.28094932649134, 6.28094932649134, 6.28094932649134, 6.28094932649134, 6.28094932649134, 6.28094932649134, 6.28094932649134], "OperatingIncome": [-498888200.0, -413580547.4385786, -64325474.65817089, 569587839.7429249, 1337719215.3577251, 2249045997.149212, 2433041962.3004556, 2595924197.1104603, 2731122965.2428093, 2832765579.3659253, 2896082611.3501616, 2960814884.5278435], "Effective_tax_rate": [0.0, 0.0, 0.0, 0.0, 0.0, 0.0, 5.4, 10.8, 16.200000000000003, 21.6, 27.0, 27.0], "EBIT(1-t)": [-498888200.0, -413580547.4385786, -64325474.65817089, 569587839.7429249, 1337719215.3577251, 2249045997.149212, 2301657696.3362308, 2315564383.8225307, 2288681044.873474, 2220888214.2228856, 2114140306.2856178, 2161394865.7053256], "Reinvestment": [5662982153.914273, 5662982153.914273, 6418858350.647909, 5592237727.385488, 2674957664.640883, 2933560330.4047213, 2722494510.4308443, 2410085404.603498, 2000467258.9139397, 1503953952.1889007, 936869848.489132, 523117549.71487033], "Invested Capital": [13686816000.0, 19349798153.914272, 25012780307.828545, 31431638658.476456, 37023876385.861946, 39698834050.50283, 42632394380.907555, 45354888891.3384, 47764974295.9419, 49765441554.85584, 51269395507.04475, 52206265355.53388], "cost_to_capital": [0.0, 8.11247133284824, 8.11247133284824, 8.11247133284824, 8.11247133284824, 8.11247133284824, 7.837010399678593, 7.561549466508945, 7.286088533339297, 7.010627600169649, 6.7351666670000006, 6.735166667], "ROIC": [-3.6450274483123026, -2.1373894660235275, -0.2571704299423211, 1.81214809043791, 3.61312576083619, 5.665269650710876, 5.39884688570765, 5.1054350267954085, 4.791546690035422, 4.462711763091316, 4.123591248496623, 9.235166667], "FCFF": [-6161870353.914273, -6076562701.352852, -6483183825.30608, -5022649887.642563, -1337238449.2831578, -684514333.2555094, -420836814.09461355, -94521020.78096724, 288213785.9595344, 716934262.0339849, 1177270457.796486, 1638277315.9904552], "Cumulated discount factor": [0.0, 0.9249626686650034, 0.8555559384238849, 0.7913573039967479, 0.7319759637723743, 0.6770504408495331, 0.6278460783919795, 0.5837086593731802, 0.5440674250993799, 0.5084237307085164, 0.47634134707891834, 0.0], "PV FCFF": [0.0, -5620593652.553556, -5546726421.6342945, -3974710674.004387, -978826402.7075146, -463450731.0984669, -264220743.37227765, -55172738.322642885, 156807732.4051477, 364506392.1760757, 560782595.742993, 0.0], "Price Target USD": [-2.5602719839313557, -2.7574469924245464, -2.9698071000862214, -3.1985217615978785, -3.4448504952116843, -3.7101498188437576, -3.995880720338925, -4.303616703045257, -4.63505245100489, -4.992013161479851, -5.376464596206521, -5.790523906730454], "Price Target Local": [2.5602719839313557, 2.7574469924245464, 2.9698071000862214, 3.1985217615978785, 3.4448504952116843, 3.7101498188437576, 3.995880720338925, 4.303616703045257, 4.63505245100489, 4.992013161479851, 5.376464596206521, 5.790523906730454], "Terminal cash flow": 1638277315.9904552, "Terminal cost of capital": 6.735166667, "Terminal value": 36406162577.56568, "PV(Terminal value)": 17341760524.17174, "PV (CF over next 10 years)": -15821604643.368925, "Sum of PV": 1520155880.8028164, "Value of operating assets": 1520155880.8028164, "Debt": 10008778000, "Minority Interests": 1466180000, "Cash Marketable": 3530030000, "Non-operating assets": 0, "Value of equity": -6424772119.197184, "Value of equity in common stock": -6424772119.197184, "Number of shares": 2509410000, "Estimated value /share": -2.5602719839313557, "Estimated value /share (Local Currency)": 2.5602719839313557, "Current price": 20.41, "Valuation": 87.45579625707323}, "2017Q1": {"Date": [2016, 2017, 2018, 2019, 2020, 2021, 2022, 2023, 2024, 2025, 2026, "Terminal"], "revenueGrowth": [0.0, 56.65593417225202, 40.99313690676766, 25.330339641283302, 9.667542375798943, 9.66754237579894, 8.222867234039152, 6.7781920922793635, 5.333516950519575, 3.8888418087597874, 2.4441666669999993, 2.444166667], "Revenues": [8549354000.0, 13393070374.392796, 18883310048.987377, 23666516619.91246, 25954487143.017998, 28463648185.99055, 30804176186.288548, 32892142420.639362, 34646450412.0332, 35993796060.90758, 36873544426.41624, 37774795308.22814], "operatingMargin": [-1.2921420729566233, 0.22247620693296932, 1.737094486822562, 3.2517127667121546, 4.7663310466017474, 6.28094932649134, 6.28094932649134, 6.28094932649134, 6.28094932649134, 6.28094932649134, 6.28094932649134, 6.28094932649134], "OperatingIncome": [-110469800.0, 29796394.960812327, 328020937.79057056, 769567142.3657473, 1237076778.6839256, 1787787319.032838, 1934794696.7038965, 2065938797.8377206, 2176125993.807756, 2260752091.266241, 2316008640.304476, 2372615751.495638], "Effective_tax_rate": [0.0, 0.0, 0.0, 0.0, 0.0, 0.0, 5.4, 10.8, 16.200000000000003, 21.6, 27.0, 27.0], "EBIT(1-t)": [-110469800.0, 29796394.960812327, 328020937.79057056, 769567142.3657473, 1237076778.6839256, 1787787319.032838, 1830315783.081886, 1842817407.6712468, 1823593582.8108995, 1772429639.5527332, 1690686307.4222672, 1732009498.5918157], "Reinvestment": [4501556524.637641, 4501556524.637641, 5102409455.610185, 4445321130.252319, 2126348415.2198026, 2331914049.3183055, 2175193235.2065773, 1940472418.0703623, 1630383774.4572473, 1252169228.713954, 817602990.9041193, 448247053.7265772], "Invested Capital": [11196963400.0, 15698519924.637642, 20200076449.275284, 25302485904.885468, 29747807035.137787, 31874155450.35759, 34206069499.675896, 36381262734.88248, 38321735152.95284, 39952118927.41009, 41204288156.12404, 42021891147.02816], "cost_to_capital": [0.0, 8.702044638477366, 8.702044638477366, 8.702044638477366, 8.702044638477366, 8.702044638477366, 8.350469044181892, 7.9988934498864195, 7.647317855590947, 7.295742261295474, 6.944166667000001, 6.944166667], "ROIC": [-0.9866049932788027, 0.1898038484127993, 1.6238598829775168, 3.0414685152226775, 4.158547812357072, 5.608893141709206, 5.350850915797936, 5.065292596082288, 4.758640430900176, 4.436384570172863, 4.103180477275123, 9.444166667000001], "FCFF": [-4612026324.637641, -4471760129.676828, -4774388517.819614, -3675753987.886572, -889271636.535877, -544126730.2854674, -344877452.12469125, -97655010.39911556, 193209808.35365224, 520260410.8387792, 873083316.518148, 1283762444.8652384], "Cumulated discount factor": [0.0, 0.9199458973617402, 0.8463004540726974, 0.7785506306595558, 0.7162244585636538, 0.658887752245767, 0.608107891048532, 0.5630686311899166, 0.5230679615680477, 0.4875011352214045, 0.45584640136509086, 0.0], "PV FCFF": [0.0, -4113777385.2820015, -4040567170.5502124, -2861760585.4184675, -636918096.3939228, -358518438.2546303, -209722700.08173707, -54986473.03426707, 101061860.61049803, 253627540.89465916, 397991887.9266963, 0.0], "Price Target USD": [-1.5853576083039738, -1.7188088733697937, -1.8634937175690436, -2.0203577542691558, -2.190426196102414, -2.374810555424283, -2.5747159087988303, -2.791448772989567, -3.0264256439306383, -3.28118225448632, -3.5573836115045405, -3.8568348777633714], "Price Target Local": [1.5853576083039738, 1.7188088733697937, 1.8634937175690436, 2.0203577542691558, 2.190426196102414, 2.374810555424283, 2.5747159087988303, 2.791448772989567, 3.0264256439306383, 3.28118225448632, 3.5573836115045405, 3.8568348777633714], "Terminal cash flow": 1283762444.8652384, "Terminal cost of capital": 6.944166667, "Terminal value": 28528054330.338634, "PV(Terminal value)": 13004410904.432663, "PV (CF over next 10 years)": -11523569559.583387, "Sum of PV": 1480841344.8492756, "Value of operating assets": 1480841344.8492756, "Debt": 8169550000, "Minority Interests": 1173371000, "Cash Marketable": 4006593000, "Non-operating assets": 0, "Value of equity": -3855486655.1507244, "Value of equity in common stock": -3855486655.1507244, "Number of shares": 2431935000, "Estimated value /share": -1.5853576083039738, "Estimated value /share (Local Currency)": 1.5853576083039738, "Current price": 21.68, "Valuation": 92.68746490634699}, "2017Q2": {"Date": [2016, 2017, 2018, 2019, 2020, 2021, 2022, 2023, 2024, 2025, 2026, "Terminal"], "revenueGrowth": [0.0, 56.65593417225202, 40.99313690676766, 25.330339641283302, 9.667542375798943, 9.66754237579894, 8.187033900639152, 6.706525425479365, 5.226016950319577, 3.7455084751597894, 2.2650000000000015, 2.265], "Revenues": [10068894000.0, 15773519956.513834, 22239580587.30387, 27872941884.86485, 30567570352.965973, 33522703170.091114, 36267218243.03711, 38699488455.62048, 40721930281.99818, 42247173631.95908, 43204072114.72296, 44182644348.12144], "operatingMargin": [0.3668486330276195, 1.5496687717203637, 2.7324889104131076, 3.9153090491058515, 5.0981291877985955, 6.28094932649134, 6.28094932649134, 6.28094932649134, 6.28094932649134, 6.28094932649134, 6.28094932649134, 6.28094932649134], "OperatingIncome": [36937600.0, 244437312.96717438, 607694073.2704645, 1091311815.8701286, 1558374226.1654284, 2105543998.983529, 2277925599.973184, 2430695259.5088887, 2557723805.781438, 2653523567.698161, 2713625876.506525, 2775089502.609398], "Effective_tax_rate": [0.0, 0.0, 0.0, 0.0, 0.0, 0.0, 5.4, 10.8, 16.200000000000003, 21.6, 27.0, 27.0], "EBIT(1-t)": [36937600.0, 244437312.96717438, 607694073.2704645, 1091311815.8701286, 1558374226.1654284, 2105543998.983529, 2154917617.574632, 2168180171.481929, 2143372549.244845, 2080362477.0753584, 1980946889.8497632, 2025815336.9048605], "Reinvestment": [5301651502.743341, 5301651502.743341, 6009298474.848117, 5235420975.253895, 2504280066.063025, 2746382402.6583533, 2550642683.9732456, 2260454782.823453, 1879576650.5572615, 1417500246.2933035, 889303228.2555113, 495247894.01937497], "Invested Capital": [12307864600.0, 17609516102.74334, 22911167605.48668, 28920466080.334797, 34155887055.58869, 36660167121.65172, 39406549524.310074, 41957192208.28332, 44217646991.10677, 46097223641.66403, 47514723887.95734, 48404027116.212845], "cost_to_capital": [0.0, 8.158879867516113, 8.158879867516113, 8.158879867516113, 8.158879867516113, 8.158879867516113, 7.8801038940128905, 7.601327920509668, 7.3225519470064455, 7.043775973503223, 6.765000000000001, 6.765000000000001], "ROIC": [0.3001137987819593, 1.388097841763489, 2.6523924216107444, 3.7734931824359284, 4.562534779521829, 5.743410803329323, 5.468425029817071, 5.167600731523403, 4.847323851664763, 4.5129886633672776, 4.169122174677808, 9.265], "FCFF": [-5264713902.743341, -5057214189.776167, -5401604401.577652, -4144109159.383766, -945905839.8975966, -640838403.6748242, -395725066.39861345, -92274611.34152412, 263795898.68758345, 662862230.7820549, 1091643661.5942519, 1530567442.8854856], "Cumulated discount factor": [0.0, 0.9245657880563304, 0.8548218964442232, 0.7903390803337601, 0.7307204746404983, 0.675599151484888, 0.626250000786644, 0.5820095466194295, 0.5422993919365738, 0.5066145948278303, 0.47451374029675486, 0.0], "PV FCFF": [0.0, -4675727222.740058, -4617409718.398072, -3275251421.8300776, -691192764.2951909, -432949881.7616414, -247822823.1434264, -53704704.71136452, 143056355.45363855, 335815680.4743225, 517999916.9343334, 0.0], "Price Target USD": [-1.308138178293547, -1.4110485587888861, -1.5220548320495528, -1.6417938966989143, -1.7709527557611995, -1.9102724583421584, -2.0605523513991777, -2.222654665995389, -2.3975094643514065, -2.586119976078413, -2.789568354209232, -3.0090218840526286], "Price Target Local": [1.308138178293547, 1.4110485587888861, 1.5220548320495528, 1.6417938966989143, 1.7709527557611995, 1.9102724583421584, 2.0605523513991777, 2.222654665995389, 2.3975094643514065, 2.586119976078413, 2.789568354209232, 3.0090218840526286], "Terminal cash flow": 1530567442.8854856, "Terminal cost of capital": 6.765000000000001, "Terminal value": 34012609841.89968, "PV(Terminal value)": 16139450713.334034, "PV (CF over next 10 years)": -12997186584.017536, "Sum of PV": 3142264129.316498, "Value of operating assets": 3142264129.316498, "Debt": 7943627000, "Minority Interests": 1476363000, "Cash Marketable": 3035924000, "Non-operating assets": 0, "Value of equity": -3241801870.683502, "Value of equity in common stock": -3241801870.683502, "Number of shares": 2478180000, "Estimated value /share": -1.308138178293547, "Estimated value /share (Local Currency)": 1.308138178293547, "Current price": 23.79, "Valuation": 94.5013107259624}, "2017Q4": {"Date": [2017, 2018, 2019, 2020, 2021, 2022, 2023, 2024, 2025, 2026, 2027, "Terminal"], "revenueGrowth": [0.0, 58.27351351036664, 42.071523132177404, 25.86953275398817, 9.667542375798938, 9.66754237579894, 8.210767234039151, 6.753992092279363, 5.297216950519575, 3.840441808759787, 2.383666666999999, 2.383666667], "Revenues": [11758751000.0, 18610988352.635372, 26440914622.541206, 33281055691.273552, 36498515853.34067, 40027025340.00007, 43313551221.37734, 46238945045.75454, 48688322280.45968, 50558168965.302155, 51763307186.373604, 52997171885.51201], "operatingMargin": [-6.451409677779553, -3.9049378769253744, -1.3584660760711955, 1.1880057247829834, 3.7344775256371623, 6.28094932649134, 6.28094932649134, 6.28094932649134, 6.28094932649134, 6.28094932649134, 6.28094932649134, 6.28094932649134], "OperatingIncome": [-758605200.0, -726747533.4522284, -359190855.3501705, 395380846.8805427, 1363028871.734124, 2514077178.5072527, 2720502203.718582, 2904244707.428021, 3058088850.3544655, 3175532973.1124997, 3251227094.0921764, 3328725510.6025248], "Effective_tax_rate": [0.0, 0.0, 0.0, 0.0, 0.0, 0.0, 5.4, 10.8, 16.200000000000003, 21.6, 27.0, 27.0], "EBIT(1-t)": [-758605200.0, -726747533.4522284, -359190855.3501705, 395380846.8805427, 1363028871.734124, 2514077178.5072527, 2573595084.7177787, 2590586279.0257945, 2562678456.597042, 2489617850.9202, 2373395778.6872888, 2429969622.739843], "Reinvestment": [6368195694.981896, 6368195694.981896, 7276820722.630523, 6356953891.887188, 2990178958.843468, 3279255776.801882, 3054365879.661764, 2718744170.6701226, 2276353365.8735404, 1737760821.1587093, 1120007325.5392573, 617268046.3935674], "Invested Capital": [13892880200.0, 20261075894.981895, 26629271589.96379, 33906092312.594315, 40263046204.48151, 43253225163.324974, 46532480940.126854, 49586846819.78862, 52305590990.45874, 54581944356.33228, 56319705177.49099, 57439712503.03025], "cost_to_capital": [0.0, 8.18539754101816, 8.18539754101816, 8.18539754101816, 8.18539754101816, 8.18539754101816, 7.925051366214528, 7.664705191410896, 7.4043590166072635, 7.144012841803631, 6.883666666999999, 6.883666667], "ROIC": [-5.460388264198809, -3.5869148174516416, -1.3488572307983993, 1.166105616758672, 3.3853098566158937, 5.812461773692138, 5.530749774612732, 5.224341625190753, 4.89943504713389, 4.561248010270577, 4.2141480876143715, 9.383666667], "FCFF": [-7126800894.981896, -7094943228.434125, -7636011577.980693, -5961573045.006645, -1627150087.1093442, -765178598.2946291, -480770794.94398546, -128157891.64432812, 286325090.7235017, 751857029.7614906, 1253388453.1480315, 1812701576.3462753], "Cumulated discount factor": [0.0, 0.9243391647388022, 0.8544028914700265, 0.7897580550518217, 0.7300043009523418, 0.6747715657980208, 0.6252223716886319, 0.5807124726502385, 0.5406786819149925, 0.5046279932722845, 0.47212825776689676, 0.0], "PV FCFF": [0.0, -6558133897.640019, -6524230371.525304, -4708200333.073814, -1187826561.884799, -516320760.88640165, -300588656.65350753, -74422886.14641912, 154809872.65157354, 379408104.15620124, 591760106.6899258, 0.0], "Price Target USD": [-3.1953996494417276, -3.444453859704759, -3.712919726240764, -4.002310222465699, -4.314256245198099, -4.650515805784797, -5.012983937596676, -5.403703375729409, -5.824876069095978, -6.278875589788855, -6.768260509646344, -7.295788819408454], "Price Target Local": [3.1953996494417276, 3.444453859704759, 3.712919726240764, 4.002310222465699, 4.314256245198099, 4.650515805784797, 5.012983937596676, 5.403703375729409, 5.824876069095978, 6.278875589788855, 6.768260509646344, 7.295788819408454], "Terminal cash flow": 1812701576.3462753, "Terminal cost of capital": 6.883666667, "Terminal value": 40282257252.13945, "PV(Terminal value)": 19018391935.37054, "PV (CF over next 10 years)": -18743745384.312565, "Sum of PV": 274646551.05797577, "Value of operating assets": 274646551.05797577, "Debt": 10314938000, "Minority Interests": 1395080000, "Cash Marketable": 3367914000, "Non-operating assets": 0, "Value of equity": -8067457448.942024, "Value of equity in common stock": -8067457448.942024, "Number of shares": 2524710000, "Estimated value /share": -3.1953996494417276, "Estimated value /share (Local Currency)": 3.1953996494417276, "Current price": 23.47, "Valuation": 86.38517405435991}, "2023Q3": {"Date": [2022, 2023, 2024, 2025, 2026, 2027, 2028, 2029, 2030, 2031, 2032, "Terminal"], "revenueGrowth": [0.0, 45.45483788956519, 33.52573938497644, 21.59664088038769, 9.667542375798938, 9.66754237579894, 8.440767234039152, 7.213992092279364, 5.987216950519576, 4.760441808759788, 3.5336666670000003, 3.533666667], "Revenues": [95924000000.0, 139526098697.18652, 186303254920.43027, 226538499834.0688, 248439205303.0266, 272457170753.79483, 295454646349.5712, 316768721173.5012, 335734351741.54517, 351716790188.2183, 364145289165.3417, 377012969868.0281], "operatingMargin": [13.043226095659064, 12.613401110641327, 12.18357612562359, 11.753751140605853, 11.323926155588117, 10.894101170570377, 10.894101170570377, 10.894101170570377, 10.894101170570377, 10.894101170570377, 10.894101170570377, 10.894101170570377], "OperatingIncome": [12511584200.0, 17598986482.705437, 22698398887.7452, 26626771508.15825, 28133072150.04469, 29681759828.39209, 32187128086.473206, 34509104961.363205, 36575239943.082535, 38316382956.98724, 39670356209.53837, 41072174363.594986], "Effective_tax_rate": [8.729281767955802, 8.729281767955802, 8.729281767955802, 8.729281767955802, 8.729281767955802, 8.729281767955802, 12.383425414364641, 16.03756906077348, 19.691712707182322, 23.345856353591163, 27.000000000000004, 27.0], "EBIT(1-t)": [11419412761.54696, 16062721364.325626, 20716991692.01938, 24302445597.501343, 25677257012.084988, 27090755379.283833, 28201259086.858784, 28974683420.92977, 29372948771.52813, 29371095231.957115, 28959360032.96301, 29982687285.42434], "Reinvestment": [18223968971.7064, 18223968971.7064, 19551018622.231213, 16816755999.923227, 9153636839.745092, 10038568560.154184, 9612043782.471588, 8908448213.686386, 7926890524.26693, 6680033095.819151, 5194625637.104841, 10058114234.76181], "Invested Capital": [40092473800.0, 58316442771.706406, 76540411743.41281, 96091430365.64403, 112908186365.56726, 122061823205.31235, 132100391765.46654, 141712435547.9381, 150620883761.6245, 158547774285.89145, 165227807381.7106, 170422433018.81543], "cost_to_capital": [0.0, 8.638523672510235, 8.638523672510235, 8.638523672510235, 8.638523672510235, 8.638523672510235, 8.517552271408189, 8.396580870306142, 8.275609469204095, 8.154638068102049, 8.033666667000002, 8.033666667], "ROIC": [28.482684352460584, 27.544069221106255, 27.066736669080328, 25.290960395767296, 22.74171416494879, 22.194290293137943, 21.34835386175676, 20.446112092349363, 19.501245802019273, 18.525075715661266, 17.526928724570475, 10.533666667], "FCFF": [-6804556210.159441, -2161247607.3807755, 1165973069.788166, 7485689597.578115, 16523620172.339895, 17052186819.129648, 18589215304.387196, 20066235207.243385, 21446058247.2612, 22691062136.137962, 23764734395.85817, 19924573050.66253], "Cumulated discount factor": [0.0, 0.9204837899072434, 0.8472904074820022, 0.7799170854310861, 0.7179010346110175, 0.6608162651170806, 0.6089487380477804, 0.561778547956575, 0.5188412706338604, 0.47972170209395937, 0.4440483387207807, 0.0], "PV FCFF": [0.0, -1989393388.5698183, 987917797.4138563, 5838217213.384923, 11862324017.24229, 11268362405.895966, 11319879200.905067, 11272780477.680292, 11127100111.096783, 10885394950.267897, 10552690828.621416, 0.0], "Price Target USD": [85.99793794251852, 93.45396011567996, 101.55641949392687, 110.36136219010784, 119.9296935156769, 130.32759927326646, 141.627003575331, 153.90606635567232, 167.2497240152195, 181.75027694180386, 197.5080279679052, 214.6319761826915], "Price Target Local": [85.99793794251852, 93.45396011567996, 101.55641949392687, 110.36136219010784, 119.9296935156769, 130.32759927326646, 141.627003575331, 153.90606635567232, 167.2497240152195, 181.75027694180386, 197.5080279679052, 214.6319761826915], "Terminal cash flow": 19924573050.66253, "Terminal cost of capital": 8.033666667, "Terminal value": 442768290014.72284, "PV(Terminal value)": 196610523619.2785, "PV (CF over next 10 years)": 83125273613.93867, "Sum of PV": 279735797233.21716, "Value of operating assets": 279735797233.21716, "Debt": 4393000000, "Minority Interests": 1029000000, "Cash Marketable": 26077000000, "Non-operating assets": 0, "Value of equity": 300390797233.21716, "Value of equity in common stock": 300390797233.21716, "Number of shares": 3493000000, "Estimated value /share": 85.99793794251852, "Estimated value /share (Local Currency)": 85.99793794251852, "Current price": 212.08, "Valuation": 59.45023673023457}, "2023Q1": {"Date": [2022, 2023, 2024, 2025, 2026, 2027, 2028, 2029, 2030, 2031, 2032, "Terminal"], "revenueGrowth": [0.0, 45.45483788956519, 33.52573938497644, 21.59664088038769, 9.667542375798938, 9.66754237579894, 8.463567234039152, 7.259592092279364, 6.0556169505195765, 4.851641808759789, 3.647666667000001, 3.647666667], "Revenues": [86035000000.0, 125142069778.28741, 167096873953.1214, 203184185743.1311, 222827103000.77032, 244369007608.13495, 265051342866.2037, 284292989193.39886, 301508683636.1331, 316136804988.465, 327668421846.1481, 339620673648.115], "operatingMargin": [16.198413436392165, 15.137550983227808, 14.07668853006345, 13.015826076899092, 11.954963623734734, 10.894101170570377, 10.894101170570377, 10.894101170570377, 10.894101170570377, 10.894101170570377, 10.894101170570377, 10.894101170570377], "OperatingIncome": [13936305000.0, 18943444614.154774, 23521706489.85362, 26446100232.089546, 26638899107.56402, 26621806918.34904, 28874961445.7996, 30971165863.56758, 32846661033.37531, 34440263372.85216, 35696529379.930695, 36998619783.39829], "Effective_tax_rate": [8.120685643372374, 8.120685643372374, 8.120685643372374, 8.120685643372374, 8.120685643372374, 8.120685643372374, 11.896548514697898, 15.672411386023423, 19.44827425734895, 23.224137128674474, 27.0, 27.0], "EBIT(1-t)": [12804581480.648415, 17405107027.01291, 21611582647.85589, 24298495567.310383, 24475637852.183617, 24459933665.92436, 25439837648.799736, 26117237338.381615, 26458552311.22271, 26441809379.664326, 26058466447.349407, 27008992441.880753], "Reinvestment": [16118216787.924927, 16118216787.924927, 17291927848.81992, 14873605156.880356, 8095947881.057678, 8878627073.18153, 8524350335.119742, 7930561625.215501, 7095553227.481337, 6029069232.076957, 4752826061.404915, 9252712779.302425], "Invested Capital": [35459848800.0, 51578065587.92493, 67696282375.84985, 84988210224.66977, 99861815381.55013, 107957763262.6078, 116836390335.78934, 125360740670.90907, 133291302296.12457, 140386855523.6059, 146415924755.68286, 151168750817.08777], "cost_to_capital": [0.0, 9.386828208867671, 9.386828208867671, 9.386828208867671, 9.386828208867671, 9.386828208867671, 9.138995900494137, 8.891163592120604, 8.64333128374707, 8.395498975373537, 8.147666667000003, 8.147666667], "ROIC": [36.11008482542773, 33.74517215528855, 31.92432714084409, 28.590430958689833, 24.509506219837448, 22.65694742713912, 21.773899018692124, 20.83366546704069, 19.850171658193776, 18.8349609235447, 17.79756299789924, 10.647666667], "FCFF": [-3313635307.276512, 1286890239.0879822, 4319654799.035969, 9424890410.430027, 16379689971.125938, 15581306592.742828, 16915487313.679993, 18186675713.166115, 19362999083.74137, 20412740147.587368, 21305640385.944492, 17756279662.578327], "Cumulated discount factor": [0.0, 0.9141868508067161, 0.835737598187901, 0.764020322988166, 0.6984573330248816, 0.6385205097008743, 0.5850525785330074, 0.5372819604761225, 0.49453745032254853, 0.45623430400454446, 0.4218623647326078, 0.0], "PV FCFF": [0.0, 1176458135.0057445, 3610097926.747161, 7200807815.504818, 11440514573.007023, 9948983827.403744, 9896449470.010855, 9771372781.713373, 9575728197.471302, 9312992294.060144, 8988047835.357094, 0.0], "Price Target USD": [76.68010063976332, 83.90183464976205, 91.80371176959035, 100.44978789624028, 109.91015171286341, 120.26149285673904, 131.58772359731742, 143.98065906391847, 157.54076153729392, 172.3779548385896, 188.61251541748285, 206.37604736302532], "Price Target Local": [76.68010063976332, 83.90183464976205, 91.80371176959035, 100.44978789624028, 109.91015171286341, 120.26149285673904, 131.58772359731742, 143.98065906391847, 157.54076153729392, 172.3779548385896, 188.61251541748285, 206.37604736302532], "Terminal cash flow": 17756279662.578327, "Terminal cost of capital": 8.147666667, "Terminal value": 394583992501.7407, "PV(Terminal value)": 166460136162.41794, "PV (CF over next 10 years)": 80921452856.28125, "Sum of PV": 247381589018.6992, "Value of operating assets": 247381589018.6992, "Debt": 2676000000, "Minority Interests": 1181000000, "Cash Marketable": 22402000000, "Non-operating assets": 0, "Value of equity": 265926589018.6992, "Value of equity in common stock": 265926589018.6992, "Number of shares": 3468000000, "Estimated value /share": 76.68010063976332, "Estimated value /share (Local Currency)": 76.68010063976332, "Current price": 162.55, "Valuation": 52.82676060303702}, "2023Q2": {"Date": [2022, 2023, 2024, 2025, 2026, 2027, 2028, 2029, 2030, 2031, 2032, "Terminal"], "revenueGrowth": [0.0, 45.45483788956519, 33.52573938497644, 21.59664088038769, 9.667542375798938, 9.66754237579894, 8.440767234039152, 7.213992092279364, 5.987216950519576, 4.760441808759788, 3.5336666670000003, 3.533666667], "Revenues": [94028000000.0, 136768274970.80035, 182620850398.83884, 222060819632.1861, 243528643470.17413, 267071878274.86154, 289614793867.61896, 310507582195.3001, 329098344789.1456, 344764879986.42456, 356947721630.02734, 369561064287.88354], "operatingMargin": [14.982621984940655, 14.164917822066599, 13.347213659192542, 12.529509496318486, 11.71180533344443, 10.894101170570377, 10.894101170570377, 10.894101170570377, 10.894101170570377, 10.894101170570377, 10.894101170570377, 10.894101170570377], "OperatingIncome": [14087859800.0, 19373113756.271954, 24374795088.967396, 27823131483.417423, 28521600654.404724, 29095080617.405983, 31550928648.87726, 33827010146.647964, 35852306632.002045, 37559034826.31663, 38886245920.4211, 40260356230.55866], "Effective_tax_rate": [8.722671458520514, 8.722671458520514, 8.722671458520514, 8.722671458520514, 8.722671458520514, 8.722671458520514, 12.378137166816412, 16.033602875112308, 19.689068583408204, 23.3445342917041, 26.999999999999996, 27.0], "EBIT(1-t)": [12859022074.109015, 17683260692.02691, 22248661794.669178, 25396211134.646736, 26033755134.609764, 26557212324.557976, 27645511423.314854, 28403321675.210484, 28793321390.493355, 28791053061.654057, 28386959521.9074, 29390060048.307823], "Reinvestment": [17279403622.09051, 17279403622.09051, 18537671048.55362, 15945127814.255548, 8679195284.49363, 9518260166.500399, 9113842566.808336, 8446715014.153399, 7516032377.446906, 6333800735.21789, 4925383333.814406, 9859309091.219961], "Invested Capital": [38014443400.0, 55293847022.090515, 72573250644.18103, 91110921692.73465, 107056049506.9902, 115735244791.48383, 125253504957.98422, 134367347524.79256, 142814062538.94595, 150330094916.39285, 156663895651.61075, 161589278985.42514], "cost_to_capital": [0.0, 8.813041348172865, 8.813041348172865, 8.813041348172865, 8.813041348172865, 8.813041348172865, 8.657166411938292, 8.501291475703718, 8.345416539469145, 8.189541603234572, 8.033666666999999, 8.033666667], "ROIC": [33.8266746110217, 31.98052160299544, 30.656835124765202, 27.873948219175876, 24.317873912309736, 22.946521064007065, 22.07164696316357, 21.138559477755333, 20.16140489151151, 19.151889099562137, 18.119656353391296, 10.533666667], "FCFF": [-4420381547.981497, 403857069.93639755, 3710990746.1155586, 9451083320.391188, 17354559850.116135, 17038952158.057577, 18531668856.506516, 19956606661.057083, 21277289013.046448, 22457252326.436165, 23461576188.09299, 19530750957.08786], "Cumulated discount factor": [0.0, 0.9190074899205006, 0.8445747665299791, 0.776170536238909, 0.7133065362591687, 0.6555340494314252, 0.603304937058805, 0.5560347981608134, 0.513205649044005, 0.47435791060663995, 0.43908341282980584, 0.0], "PV FCFF": [0.0, 371147672.1288968, 3134209142.995461, 7335652408.826636, 12379120974.98878, 11169613306.239805, 11180247313.069279, 11096567756.75562, 10919624917.83738, 10652775291.534363, 10301588943.034378, 0.0], "Price Target USD": [85.9120403367236, 93.49646504599814, 101.75045246086313, 110.73311243261284, 120.50877310575117, 131.1474415955848, 142.72530533502285, 155.3252776809128, 169.0375916872009, 183.96044629714598, 200.20070958220782, 217.87468406376297], "Price Target Local": [85.9120403367236, 93.49646504599814, 101.75045246086313, 110.73311243261284, 120.50877310575117, 131.1474415955848, 142.72530533502285, 155.3252776809128, 169.0375916872009, 183.96044629714598, 200.20070958220782, 217.87468406376297], "Terminal cash flow": 19530750957.08786, "Terminal cost of capital": 8.033666667, "Terminal value": 434016687935.2857, "PV(Terminal value)": 190569528563.71408, "PV (CF over next 10 years)": 88540547727.4106, "Sum of PV": 279110076291.1247, "Value of operating assets": 279110076291.1247, "Debt": 2331000000, "Minority Interests": 1052000000, "Cash Marketable": 23075000000, "Non-operating assets": 0, "Value of equity": 298802076291.1247, "Value of equity in common stock": 298802076291.1247, "Number of shares": 3478000000, "Estimated value /share": 85.9120403367236, "Estimated value /share (Local Currency)": 85.9120403367236, "Current price": 269.06, "Valuation": 68.06956056763414}, "2012Q3": {"Date": [2011, 2012, 2013, 2014, 2015, 2016, 2017, 2018, 2019, 2020, 2021, "Terminal"], "revenueGrowth": [0.0, 9.66754237579894, 9.66754237579894, 9.66754237579894, 9.66754237579894, 9.66754237579894, 8.060333900639153, 6.453125425479365, 4.845916950319577, 3.2387084751597888, 1.631500000000001, 1.6315], "Revenues": [146299000.0, 160442517.8203701, 175953366.21945316, 192963732.4603635, 211618583.06589246, 232076899.2588529, 250783072.24536642, 266966418.44323042, 279903389.366232, 288968644.15989566, 293683167.58936435, 298474608.46858484], "operatingMargin": [-117.80668357268334, -92.98915699284841, -68.17163041301347, -43.35410383317854, -18.536577253343605, 6.28094932649134, 6.28094932649134, 6.28094932649134, 6.28094932649134, 6.28094932649134, 6.28094932649134, 6.28094932649134], "OperatingIncome": [-172350000.0, -149194144.77926275, -119950278.5183817, -83657696.93124284, -39226842.13244026, 14576632.440940907, 15751557.687149635, 16768025.461168135, 17580590.049224783, 18149974.109132126, 18446090.936722614, 18747038.910355244], "Effective_tax_rate": [0.0, 0.0, 0.0, 0.0, 0.0, 0.0, 5.4, 10.8, 16.200000000000003, 21.6, 27.0, 27.0], "EBIT(1-t)": [-172350000.0, -149194144.77926275, -119950278.5183817, -83657696.93124284, -39226842.13244026, 14576632.440940907, 14900973.572043553, 14957078.711361976, 14732534.461250367, 14229579.701559586, 13465646.383807508, 13685338.404559327], "Reinvestment": [13144420.52433286, 13144420.52433286, 14415162.94857594, 15808754.935170002, 17337073.017613765, 19013141.898314774, 17384769.988518674, 15040155.541022338, 12023104.031310173, 8424885.709588028, 4381489.762009915, 2586761.235826744], "Invested Capital": [822910600.0, 836055020.5243329, 849199441.0486658, 863614603.9972417, 879423358.9324118, 896760431.9500256, 915773573.8483403, 933158343.836859, 948198499.3778813, 960221603.4091915, 968646489.1187795, 973027978.8807894], "cost_to_capital": [0.0, 8.897667929939153, 8.897667929939153, 8.897667929939153, 8.897667929939153, 8.897667929939153, 8.344434343951322, 7.791200757963492, 7.2379671719756615, 6.684733585987831, 6.131500000000001, 6.1315], "ROIC": [-20.94395187034898, -17.845015114638684, -14.125100973954552, -9.68692476297101, -4.460518558440412, 1.6254767629793494, 1.6271460541742253, 1.602844662982178, 1.553739482915916, 1.4819058070593891, 1.3901507448871053, 8.631499999999999], "FCFF": [-185494420.52433285, -162338565.3035956, -134365441.46695763, -99466451.86641285, -56563915.15005402, -4436509.457373867, -2483796.416475121, -83076.82966036163, 2709430.429940194, 5804693.991971558, 9084156.621797593, 11098577.168732584], "Cumulated discount factor": [0.0, 0.9182933105999699, 0.8432626042926528, 0.7743624086010524, 0.7110918197984271, 0.6529908613432548, 0.6026990359931766, 0.5591356546314843, 0.5213971034482667, 0.48872700518862994, 0.4604919417784823, 0.0], "PV FCFF": [0.0, -149074418.57068822, -113305352.09835869, -77023081.2422761, -40222137.35897573, -2897000.1319280574, -1496981.7058128621, -46451.217536854616, 1412689.178165409, 2836910.710732693, 4183180.9221914317, 0.0], "Price Target USD": [-0.41107986303441374, -0.44698091770187703, -0.4860173381270357, -0.5284629468626136, -0.5746154803508696, -0.6247986774079346, -0.6793645501028548, -0.7386958529605124, -0.8032087678087488, -0.8733558231026582, -0.9496290682037716, -1.0325635248802392], "Price Target Local": [0.41107986303441374, 0.44698091770187703, 0.4860173381270357, 0.5284629468626136, 0.5746154803508696, 0.6247986774079346, 0.6793645501028548, 0.7386958529605124, 0.8032087678087488, 0.8733558231026582, 0.9496290682037716, 1.0325635248802392], "Terminal cash flow": 11098577.168732584, "Terminal cost of capital": 6.1315, "Terminal value": 246635048.19405743, "PV(Terminal value)": 113573452.25351107, "PV (CF over next 10 years)": -375632641.51448697, "Sum of PV": -262059189.2609759, "Value of operating assets": -262059189.2609759, "Debt": 474514000, "Minority Interests": 0, "Cash Marketable": 85693000, "Non-operating assets": 0, "Value of equity": -650880189.2609758, "Value of equity in common stock": -650880189.2609758, "Number of shares": 1583342430, "Estimated value /share": -0.41107986303441374, "Estimated value /share (Local Currency)": 0.41107986303441374, "Current price": 2.1, "Valuation": 80.42476842693269}, "2012Q1": {"Date": [2011, 2012, 2013, 2014, 2015, 2016, 2017, 2018, 2019, 2020, 2021, "Terminal"], "revenueGrowth": [0.0, 9.66754237579894, 9.66754237579894, 9.66754237579894, 9.66754237579894, 9.66754237579894, 8.137333900639153, 6.6071254254793645, 5.076916950319577, 3.5467084751597886, 2.0165000000000006, 2.0165], "Revenues": [185379000.0, 203300593.3808323, 222954764.39617497, 244509010.72303787, 268147022.94733435, 294070250.0202112, 317999728.1668002, 339010369.0594641, 356221643.94958496, 368855787.1858984, 376293764.13450205, 383881727.8882743], "operatingMargin": [-46.28129399770201, -35.768845332863336, -25.256396668024667, -14.743948003185999, -4.23149933834733, 6.28094932649134, 6.28094932649134, 6.28094932649134, 6.28094932649134, 6.28094932649134, 6.28094932649134, 6.28094932649134], "OperatingIncome": [-85795800.0, -72718274.80718331, -56310339.68615778, -36050281.40410919, -11346639.501814516, 18470403.388055857, 19973401.78453693, 21293069.492176216, 22374100.94646784, 23167645.08097702, 23634820.64403492, 24111416.802321885], "Effective_tax_rate": [0.0, 0.0, 0.0, 0.0, 0.0, 0.0, 5.4, 10.8, 16.200000000000003, 21.6, 27.0, 27.0], "EBIT(1-t)": [-85795800.0, -72718274.80718331, -56310339.68615778, -36050281.40410919, -11346639.501814516, 18470403.388055857, 18894838.088171937, 18993417.987021185, 18749496.593140047, 18163433.743485983, 17253419.07014549, 17601334.265694976], "Reinvestment": [16655613.041649623, 16655613.041649623, 18265801.49040019, 20031655.589763947, 21968224.382478494, 24092011.783865195, 22239101.168564018, 19526450.412581425, 15995471.408803968, 11741668.075221062, 6912558.679137851, 3936459.8842981113], "Invested Capital": [623891000.0, 640546613.0416496, 657202226.0832992, 675468027.5736994, 695499683.1634634, 717467907.5459418, 741559919.329807, 763799020.498371, 783325470.9109524, 799320942.3197564, 811062610.3949775, 817975169.0741153], "cost_to_capital": [0.0, 9.480822219037321, 9.480822219037321, 9.480822219037321, 9.480822219037321, 9.480822219037321, 8.887957775229857, 8.295093331422393, 7.702228887614929, 7.109364443807465, 6.516500000000001, 6.516500000000001], "ROIC": [-13.751729068058363, -11.352534433345763, -8.568190649892983, -5.337081835479739, -1.6314370482822655, 2.5743873968151165, 2.5479853475965037, 2.4867036324068827, 2.3935767812242466, 2.272358045664713, 2.1272610583963782, 9.0165], "FCFF": [-102451413.04164962, -89373887.84883294, -74576141.17655797, -56081936.993873134, -33314863.884293012, -5621608.3958093375, -3344263.0803920813, -533032.4255602397, 2754025.1843360793, 6421765.668264922, 10340860.39100764, 13664874.381396864], "Cumulated discount factor": [0.0, 0.9134019819464899, 0.8343031806237758, 0.7620541787260172, 0.6960617971989488, 0.6357842251187555, 0.5838884649036787, 0.5391642843104327, 0.5006064311566287, 0.46737877099369834, 0.4387853252723272, 0.0], "PV FCFF": [0.0, -81634286.29538731, -62219111.782250054, -42737474.43723024, -23189204.028739344, -3574129.93785073, -1952676.6362441804, -287392.04624144064, 1378682.7188459611, 3001396.945643185, 4537417.790264012, 0.0], "Price Target USD": [-0.12454947617602588, -0.1362301082986349, -0.14900618594998224, -0.1629804433737147, -0.17826524954614334, -0.19498351175104214, -0.21326966389446428, -0.23327074750675506, -0.2551475941242513, -0.27907611855836534, -0.30524873345141257, -0.3338758964938261], "Price Target Local": [0.12454947617602588, 0.1362301082986349, 0.14900618594998224, 0.1629804433737147, 0.17826524954614334, 0.19498351175104214, 0.21326966389446428, 0.23327074750675506, 0.2551475941242513, 0.27907611855836534, 0.30524873345141257, 0.3338758964938261], "Terminal cash flow": 13664874.381396864, "Terminal cost of capital": 6.516500000000001, "Terminal value": 303663875.14215255, "PV(Terminal value)": 133243252.22770476, "PV (CF over next 10 years)": -206676777.70919013, "Sum of PV": -73433525.48148537, "Value of operating assets": -73433525.48148537, "Debt": 365908000, "Minority Interests": 0, "Cash Marketable": 243579000, "Non-operating assets": 0, "Value of equity": -195762525.48148537, "Value of equity in common stock": -195762525.48148537, "Number of shares": 1571765145, "Estimated value /share": -0.12454947617602588, "Estimated value /share (Local Currency)": 0.12454947617602588, "Current price": 2.2, "Valuation": 94.33866017381702}, "2012Q2": {"Date": [2011, 2012, 2013, 2014, 2015, 2016, 2017, 2018, 2019, 2020, 2021, "Terminal"], "revenueGrowth": [0.0, 9.66754237579894, 9.66754237579894, 9.66754237579894, 9.66754237579894, 9.66754237579894, 8.094400567239152, 6.521258758679364, 4.9481169501195765, 3.374975141559789, 1.801833333000001, 1.801833333], "Revenues": [153861000.0, 168735577.374828, 185048160.82058853, 202937770.1835555, 222556865.11255223, 244072644.3575579, 263828861.86691168, 281033824.62933177, 294939706.9413851, 304893848.73324615, 310387527.72998834, 315980193.6661019], "operatingMargin": [-78.65982932647, -61.671673595877735, -44.68351786528547, -27.695362134693198, -10.70720640410093, 6.28094932649134, 6.28094932649134, 6.28094932649134, 6.28094932649134, 6.28094932649134, 6.28094932649134, 6.28094932649134], "OperatingIncome": [-121026800.0, -104062054.51872364, -82686027.99964985, -56204350.36040714, -23829622.91409746, 15330079.111925637, 16570957.122519558, 17651592.115268867, 18525013.53669046, 19150228.13852435, 19495283.332469825, 19846555.845917057], "Effective_tax_rate": [0.0, 0.0, 0.0, 0.0, 0.0, 0.0, 5.4, 10.8, 16.200000000000003, 21.6, 27.0, 27.0], "EBIT(1-t)": [-121026800.0, -104062054.51872364, -82686027.99964985, -56204350.36040714, -23829622.91409746, 15330079.111925637, 15676125.437903501, 15745220.16681983, 15523961.343746604, 15013778.86060309, 14231556.832702972, 14487985.767519452], "Reinvestment": [13823838.073359191, 13823838.073359191, 15160263.477063026, 16625888.372990869, 18233203.17680279, 19995905.8203857, 18360639.425866593, 15989605.169445695, 12923571.574835254, 9250981.780686447, 5105605.824236503, 2965852.0783474753], "Invested Capital": [698422000.0, 712245838.0733593, 726069676.1467185, 741229939.6237816, 757855827.9967724, 776089031.1735752, 796084936.9939609, 814445576.4198275, 830435181.5892732, 843358753.1641085, 852609734.944795, 857715340.7690315], "cost_to_capital": [0.0, 9.218657784159296, 9.218657784159296, 9.218657784159296, 9.218657784159296, 9.218657784159296, 8.635292893927437, 8.051928003695577, 7.468563113463718, 6.885198223231859, 6.301833332999999, 6.301833333], "ROIC": [-17.32860648719542, -14.610412438521761, -11.388167102428515, -7.582579622854172, -3.1443477814356724, 1.9752990309299976, 1.9691523742550627, 1.933243991088183, 1.8693766458734447, 1.7802363234239855, 1.6691759722429675, 8.801833333000001], "FCFF": [-134850638.0733592, -117885892.59208283, -97846291.47671288, -72830238.733398, -42062826.09090026, -4665826.708460061, -2684513.9879630916, -244385.00262586586, 2600389.7689113505, 5762797.079916643, 9125951.00846647, 11522133.689171977], "Cumulated discount factor": [0.0, 0.9155944783502336, 0.8383132487854363, 0.7675549817157912, 0.7027691030891928, 0.643451510343611, 0.5923042992776606, 0.5481663402224555, 0.5100713402520416, 0.47721419684954647, 0.44892376912694465, 0.0], "PV FCFF": [0.0, -107935672.33269975, -82025842.48944993, -55901212.55937001, -29560454.565298673, -3002233.2425601855, -1590049.176541557, -133963.63249467607, 1326384.2946063094, 2750088.5800993326, 4096856.3235886088, 0.0], "Price Target USD": [-0.24416593666449907, -0.2662683796445019, -0.2903715848616858, -0.3166566657582776, -0.34532113056762204, -0.3765803664070933, -0.41066925771439394, -0.44784395118830234, -0.4883837804957777, -0.5325933652078274, -0.5808048997357123, -0.6333806494667407], "Price Target Local": [0.24416593666449907, 0.2662683796445019, 0.2903715848616858, 0.3166566657582776, 0.34532113056762204, 0.3765803664070933, 0.41066925771439394, 0.44784395118830234, 0.4883837804957777, 0.5325933652078274, 0.5808048997357123, 0.6333806494667407], "Terminal cash flow": 11522133.689171977, "Terminal cost of capital": 6.301833333, "Terminal value": 256047415.31493276, "PV(Terminal value)": 114945770.75839178, "PV (CF over next 10 years)": -271976098.80012053, "Sum of PV": -157030328.04172873, "Value of operating assets": -157030328.04172873, "Debt": 438973000, "Minority Interests": 0, "Cash Marketable": 210554000, "Non-operating assets": 0, "Value of equity": -385449328.04172873, "Value of equity in common stock": -385449328.04172873, "Number of shares": 1578636780, "Estimated value /share": -0.24416593666449907, "Estimated value /share (Local Currency)": 0.24416593666449907, "Current price": 1.74, "Valuation": 85.96747490433914}, "2012Q4": {"Date": [2012, 2013, 2014, 2015, 2016, 2017, 2018, 2019, 2020, 2021, 2022, "Terminal"], "revenueGrowth": [0.0, 60.52461311620389, 43.57225620273557, 26.619899289267256, 9.667542375798938, 9.66754237579894, 8.074333900639152, 6.481125425479364, 4.8879169503195765, 3.294708475159789, 1.701500000000001, 1.7015], "Revenues": [413256000.0, 663377595.1794995, 952426180.542657, 1205961070.607727, 1322547868.1443677, 1450405743.73745, 1567516346.40086, 1669109046.8759913, 1750693710.8975606, 1808373964.9645917, 1839143447.9784644, 1870436473.745818], "operatingMargin": [-44.65871033935381, -34.47077840618478, -24.28284647301575, -14.09491453984672, -3.9069826066776905, 6.28094932649134, 6.28094932649134, 6.28094932649134, 6.28094932649134, 6.28094932649134, 6.28094932649134, 6.28094932649134], "OperatingIncome": [-184554800.0, -228671420.83060277, -231276187.1899812, -169979182.2859797, -51671715.17338704, 91099249.79266907, 98454907.40190649, 104835893.43816361, 109960184.84354658, 113583052.37288827, 115515668.00901297, 117481167.10018633], "Effective_tax_rate": [0.0, 0.0, 0.0, 0.0, 0.0, 0.0, 5.4, 10.8, 16.200000000000003, 21.6, 27.0, 27.0], "EBIT(1-t)": [-184554800.0, -228671420.83060277, -231276187.1899812, -169979182.2859797, -51671715.17338704, 91099249.79266907, 93138342.40220353, 93513616.94684194, 92146634.89889203, 89049113.0603444, 84326437.64657946, 85761251.98313603], "Reinvestment": [232453019.89305624, 232453019.89305624, 268630209.6996576, 235625199.82165053, 108351112.77618183, 118826002.51846881, 108837916.33852784, 94416197.88002445, 75821527.98587511, 53605724.193698384, 28595928.480265107, 16769840.860691372], "Invested Capital": [894150200.0, 1126603219.8930562, 1359056239.7861123, 1627686449.48577, 1863311649.3074205, 1971662762.0836024, 2090488764.6020713, 2199326680.940599, 2293742878.8206234, 2369564406.8064985, 2423170131.000197, 2451766059.480462], "cost_to_capital": [0.0, 8.031860739986447, 8.031860739986447, 8.031860739986447, 8.031860739986447, 8.031860739986447, 7.665788591989158, 7.299716443991869, 6.93364429599458, 6.567572147997291, 6.201500000000002, 6.2015], "ROIC": [-20.640245900520966, -20.297422978456392, -17.017411084207918, -10.44299301869108, -2.773111797620814, 4.620427567257888, 4.455338099840618, 4.251920269836786, 4.0173044568217335, 3.758037249570159, 3.4800048320079187, 8.7015], "FCFF": [-417007819.8930563, -461124440.72365904, -499906396.8896388, -405604382.10763025, -160022827.94956887, -27726752.72579974, -15699573.936324313, -902580.9331825078, 16325106.913016915, 35443388.866646014, 55730509.16631435, 68991411.12244466], "Cumulated discount factor": [0.0, 0.9256528519922681, 0.8568332024014198, 0.7931300974845426, 0.7341631367374725, 0.6795802013486308, 0.6311941891996645, 0.5882533618149254, 0.5501106463618014, 0.5162082942058839, 0.486064974794032, 0.0], "PV FCFF": [0.0, -426841153.67919457, -428336398.94790435, -321697043.12118244, -117482861.31705636, -18842552.200142685, -9909479.841518411, -530946.2682546627, 8980615.115845248, 18296171.307727154, 27088648.533183154, 0.0], "Price Target USD": [-0.46227399340730335, -0.4986435369539712, -0.5378744651267637, -0.5801918982098584, -0.625838667892563, -0.6750767107193685, -0.7281885711700963, -0.7854790229953238, -0.8472768181108541, -0.9139365730869774, -0.9858408040578345, -1.063402121727878], "Price Target Local": [0.46227399340730335, 0.4986435369539712, 0.5378744651267637, 0.5801918982098584, 0.625838667892563, 0.6750767107193685, 0.7281885711700963, 0.7854790229953238, 0.8472768181108541, 0.9139365730869774, 0.9858408040578345, 1.063402121727878], "Terminal cash flow": 68991411.12244466, "Terminal cost of capital": 6.2015, "Terminal value": 1533142469.387659, "PV(Terminal value)": 745206855.7385725, "PV (CF over next 10 years)": -1269275000.4184983, "Sum of PV": -524068144.6799258, "Value of operating assets": -524068144.6799258, "Debt": 466667000, "Minority Interests": 0, "Cash Marketable": 201890000, "Non-operating assets": 0, "Value of equity": -788845144.6799258, "Value of equity in common stock": -788845144.6799258, "Number of shares": 1706445000, "Estimated value /share": -0.46227399340730335, "Estimated value /share (Local Currency)": 0.46227399340730335, "Current price": 2.55, "Valuation": 81.87160810167438}, "2022Q3": {"Date": [2021, 2022, 2023, 2024, 2025, 2026, 2027, 2028, 2029, 2030, 2031, "Terminal"], "revenueGrowth": [0.0, 48.54926134549935, 35.58868835559922, 22.62811536569908, 9.667542375798943, 9.66754237579894, 8.352800567239152, 7.038058758679364, 5.723316950119576, 4.408575141559789, 3.093833333000001, 3.093833333], "Revenues": [74863000000.0, 111208433521.08118, 150786056352.0425, 184906099138.77072, 202781974628.44818, 222386007956.13528, 240961467690.15585, 257920477371.96518, 272682083771.2242, 284703478331.8497, 293511729444.69086, 302592493166.51544], "operatingMargin": [18.45865781494196, 16.945746486067645, 15.432835157193328, 13.91992382831901, 12.407012499444694, 10.894101170570377, 10.894101170570377, 10.894101170570377, 10.894101170570377, 10.894101170570377, 10.894101170570377, 10.894101170570377], "OperatingIncome": [13818705000.0, 18845099215.609486, 23270563516.84336, 25738788154.03292, 25159184938.77233, 24226956695.934063, 26250586072.25683, 28098117744.519962, 29706262080.056633, 31015884965.604614, 31975464753.195423, 32964732340.111446], "Effective_tax_rate": [9.279767197477973, 9.279767197477973, 9.279767197477973, 9.279767197477973, 9.279767197477973, 9.279767197477973, 12.823813757982379, 16.367860318486784, 19.91190687899119, 23.455953439495595, 27.0, 27.0], "EBIT(1-t)": [12536361346.29375, 17096317880.267178, 21111109396.939053, 23350288533.886627, 22824471147.671318, 21978751515.517582, 22884259803.97175, 23499057079.972984, 23791178837.446686, 23740813429.224884, 23342089269.832657, 24064254608.281357], "Reinvestment": [15120613847.671247, 15120613847.671247, 16465285838.140741, 14194795369.407137, 7436813494.374396, 8155770590.352183, 7727858123.309459, 7055374273.877384, 6141199278.997317, 5001202281.884515, 3664453848.743918, 7375869066.264057], "Invested Capital": [31144889600.0, 46265503447.67125, 61386117295.3425, 77851403133.48325, 92046198502.89038, 99483011997.26477, 107638782587.61696, 115366640710.92642, 122422014984.8038, 128563214263.80112, 133564416545.68564, 137228870394.42955], "cost_to_capital": [0.0, 9.640026167270022, 9.640026167270022, 9.640026167270022, 9.640026167270022, 9.640026167270022, 9.230787600416019, 8.821549033562015, 8.41231046670801, 8.003071899854007, 7.593833333000002, 7.593833333], "ROIC": [40.25174437058769, 36.95262475551363, 34.390690154532386, 29.99340743268359, 24.796755888788386, 22.092969517370335, 21.260236555856785, 20.369022565937797, 19.433742240233407, 18.466256903402158, 17.476278393241444, 10.093833333], "FCFF": [-2584252501.3774967, 1975704032.59593, 4645823558.798311, 9155493164.47949, 15387657653.29692, 13822980925.165398, 15156401680.662289, 16443682806.0956, 17649979558.449368, 18739611147.34037, 19677635421.088737, 16688385542.0173], "Cumulated discount factor": [0.0, 0.9120756670327411, 0.8318820223932196, 0.7587393504668415, 0.6920276991810332, 0.631181625335674, 0.5778422358764261, 0.5309998258692421, 0.48979661404071373, 0.4535024841653377, 0.4214948664964467, 0.0], "PV FCFF": [0.0, 1801991573.3892095, 3864777097.775204, 6946632936.820776, 10648685321.596485, 8724811567.329914, 8758009034.99512, 8731592706.685814, 8644900225.616312, 8498460207.611313, 8294022314.777548, 0.0], "Price Target USD": [70.6996896736557, 77.55445316124344, 85.07382752177361, 93.32225080817582, 102.37040873322762, 112.29584041804931, 123.18360287158742, 135.1269998954121, 148.228381660253, 162.6000218063276, 178.36507958386272, 195.65865527897265], "Price Target Local": [70.6996896736557, 77.55445316124344, 85.07382752177361, 93.32225080817582, 102.37040873322762, 112.29584041804931, 123.18360287158742, 135.1269998954121, 148.228381660253, 162.6000218063276, 178.36507958386272, 195.65865527897265], "Terminal cash flow": 16688385542.0173, "Terminal cost of capital": 7.593833333, "Terminal value": 370853012044.8289, "PV(Terminal value)": 156312640801.6403, "PV (CF over next 10 years)": 74913882986.59769, "Sum of PV": 231226523788.23798, "Value of operating assets": 231226523788.23798, "Debt": 5874000000, "Minority Interests": 1273000000, "Cash Marketable": 21107000000, "Non-operating assets": 0, "Value of equity": 245186523788.23798, "Value of equity in common stock": 245186523788.23798, "Number of shares": 3468000000, "Estimated value /share": 70.6996896736557, "Estimated value /share (Local Currency)": 70.6996896736557, "Current price": 211.25, "Valuation": 66.53269127874286}, "2022Q1": {"Date": [2021, 2022, 2023, 2024, 2025, 2026, 2027, 2028, 2029, 2030, 2031, "Terminal"], "revenueGrowth": [0.0, 48.54926134549935, 35.58868835559922, 22.62811536569908, 9.667542375798943, 9.66754237579894, 8.114033900639152, 6.560525425479364, 5.007016950319576, 3.453508475159788, 1.9000000000000004, 1.9], "Revenues": [62190000000.0, 92382785630.76605, 125260607303.12068, 153604722031.44614, 168454523625.06436, 184739936080.4677, 199729797122.05597, 212833121244.50677, 223489711701.11343, 231207947835.82156, 235600898844.70215, 240077315922.75146], "operatingMargin": [17.5685991316932, 16.233699539468635, 14.89879994724407, 13.563900355019506, 12.229000762794941, 10.894101170570377, 10.894101170570377, 10.894101170570377, 10.894101170570377, 10.894101170570377, 10.894101170570377, 10.894101170570377], "OperatingIncome": [10925911800.0, 14997143845.489965, 18662327294.79495, 20834791436.95005, 20600304979.071705, 20125755539.0532, 21758766166.251736, 23186255552.85928, 24347195298.53536, 25188027751.633984, 25666600278.915024, 26154265684.21441], "Effective_tax_rate": [10.343365832980076, 10.343365832980076, 10.343365832980076, 10.343365832980076, 10.343365832980076, 10.343365832980076, 13.674692666384061, 17.006019499788046, 20.33734633319203, 23.668673166596015, 27.0, 27.0], "EBIT(1-t)": [9795804771.937262, 13445934393.052681, 16732014509.746212, 18679772738.0879, 18469540072.37671, 18044075016.997677, 18783321765.019653, 19243196412.26934, 19395621868.253574, 19226355785.98823, 18736618203.607967, 19092613949.476517], "Reinvestment": [14083919234.599106, 14083919234.599106, 15336398261.018827, 13221576421.99039, 6926933104.218969, 7596597297.412592, 6992266127.060109, 6112260090.944416, 4970941109.657387, 3600297623.549738, 2049163928.3385675, 4075951292.584874], "Invested Capital": [29009543800.0, 43093463034.599106, 57177382269.19821, 72513780530.21704, 85735356952.20743, 92662290056.42639, 100258887353.83899, 107251153480.8991, 113363413571.8435, 118334354681.50089, 121934652305.05063, 123983816233.38919], "cost_to_capital": [0.0, 6.889859510123315, 6.889859510123315, 6.889859510123315, 6.889859510123315, 6.889859510123315, 6.791887608098651, 6.693915706073988, 6.595943804049325, 6.497971902024662, 6.399999999999999, 6.4], "ROIC": [33.767524368781224, 31.201795924957665, 29.263344780231126, 25.760307353309063, 21.542500934209002, 19.47294309908572, 18.73481968608783, 17.94218130781825, 17.109242971024063, 16.247484374031806, 15.366114430484895, 8.9], "FCFF": [-4288114462.6618443, -637984841.5464249, 1395616248.7273846, 5458196316.097507, 11542606968.15774, 10447477719.585085, 11791055637.959545, 13130936321.324924, 14424680758.596188, 15626058162.438494, 16687454275.2694, 15016662656.891644], "Cumulated discount factor": [0.0, 0.9355424402118259, 0.8752396574374978, 0.8188238448892392, 0.7660444579513085, 0.7166671015025126, 0.6710875868516473, 0.6289839325987385, 0.590063664856678, 0.5540609406153961, 0.5207339667437934, 0.0], "PV FCFF": [0.0, -596861895.4784974, 1221498687.4503617, 4469301293.707242, 8842150098.267391, 7487363575.307122, 7912831074.511782, 8259147966.090564, 8511479992.804873, 8657788483.59156, 8689724259.616707, 0.0], "Price Target USD": [71.10951338767721, 76.03267950369184, 81.29669403015382, 86.9251551224304, 92.94329472064378, 99.37809166243707, 106.25839262694193, 113.61504145212983, 121.48101740526656, 129.89158302632498, 138.88444220712654, 148.49990921486742], "Price Target Local": [71.10951338767721, 76.03267950369184, 81.29669403015382, 86.9251551224304, 92.94329472064378, 99.37809166243707, 106.25839262694193, 113.61504145212983, 121.48101740526656, 129.89158302632498, 138.88444220712654, 148.49990921486742], "Terminal cash flow": 15016662656.891644, "Terminal cost of capital": 6.4, "Terminal value": 333703614597.5921, "PV(Terminal value)": 173770806946.14615, "PV (CF over next 10 years)": 63454423535.8691, "Sum of PV": 237225230482.01526, "Value of operating assets": 237225230482.01526, "Debt": 7025000000, "Minority Interests": 1321000000, "Cash Marketable": 18013000000, "Non-operating assets": 0, "Value of equity": 246892230482.01526, "Value of equity in common stock": 246892230482.01526, "Number of shares": 3472000000, "Estimated value /share": 71.10951338767721, "Estimated value /share (Local Currency)": 71.10951338767721, "Current price": 332.67, "Valuation": 78.62460895551831}, "2022Q2": {"Date": [2021, 2022, 2023, 2024, 2025, 2026, 2027, 2028, 2029, 2030, 2031, "Terminal"], "revenueGrowth": [0.0, 48.54926134549935, 35.58868835559922, 22.62811536569908, 9.667542375798943, 9.66754237579894, 8.317433900639152, 6.967325425479364, 5.617216950319577, 4.267108475159789, 2.917000000000001, 2.917], "Revenues": [67166000000.0, 99774596875.3181, 135283067215.3305, 165895075735.07172, 181933052481.12354, 199521507425.32068, 216116576922.98056, 231174122135.61102, 244159674108.96506, 254578232255.79123, 262004279290.69263, 269646944117.6021], "operatingMargin": [18.003222761516245, 16.58139844332707, 15.159574125137897, 13.737749806948724, 12.31592548875955, 10.894101170570377, 10.894101170570377, 10.894101170570377, 10.894101170570377, 10.894101170570377, 10.894101170570377, 10.894101170570377], "OperatingIncome": [12092044600.0, 16544023453.119858, 20508336853.268154, 22790250446.532253, 22406739183.000984, 21736074875.96152, 23543958536.363052, 25184342745.631393, 26599001915.165577, 27734010180.195522, 28543011257.151825, 29375610895.52294], "Effective_tax_rate": [10.040501083168502, 10.040501083168502, 10.040501083168502, 10.040501083168502, 10.040501083168502, 10.040501083168502, 13.432400866534802, 16.8243006499011, 20.2162004332674, 23.608100216633698, 26.999999999999996, 27.0], "EBIT(1-t)": [10877942730.959782, 14882920599.109709, 18449197069.375923, 20501995103.59137, 20156990292.629032, 19553664042.60229, 20381439645.908028, 20947253205.404808, 21221694374.74707, 21186537262.763573, 20836398217.720833, 21444195953.731747], "Reinvestment": [14719448388.217709, 14719448388.217709, 16028444845.78189, 13818192827.76533, 7239507172.528185, 7939389596.231343, 7490977606.417103, 6796942550.396278, 5861649392.494406, 4702914066.134806, 3352101179.840844, 6307625249.272512], "Invested Capital": [30318583600.0, 45038031988.21771, 59757480376.435425, 75785925222.21732, 89604118049.98265, 96843625222.51083, 104783014818.74217, 112273992425.15927, 119070934975.55554, 124932584368.04994, 129635498434.18475, 132987599614.0256], "cost_to_capital": [0.0, 9.253846160182896, 9.253846160182896, 9.253846160182896, 9.253846160182896, 9.253846160182896, 8.886476928146317, 8.519107696109739, 8.15173846407316, 7.784369232036581, 7.417000000000002, 7.417], "ROIC": [35.878795904435925, 33.045228537079936, 30.873452081910603, 27.05251013756975, 22.495607044963194, 20.190966620337893, 19.45109107727493, 18.657262250087026, 17.82273262497161, 16.95837588722913, 16.073065224722654, 9.917], "FCFF": [-3841505657.257927, 163472210.8920002, 2420752223.5940323, 6683802275.82604, 12917483120.100847, 11614274446.370949, 12890462039.490925, 14150310655.00853, 15360044982.252665, 16483623196.628767, 17484297037.87999, 15136570704.459234], "Cumulated discount factor": [0.0, 0.9152995845417163, 0.8377733294622385, 0.7668135803969173, 0.7018641515582443, 0.6424159663259853, 0.589986915225398, 0.5436709974408943, 0.5026927954759562, 0.4663874725599282, 0.4341840421534098, 0.0], "PV FCFF": [0.0, 149626046.71356362, 2028041650.1634896, 5125230353.79123, 9066318330.357523, 7461195341.640591, 7605203934.509344, 7693113507.9070015, 7721383950.765027, 7687755361.305895, 7591402762.117623, 0.0], "Price Target USD": [63.24473085502776, 69.12862644167032, 75.55992300237774, 82.58954731210629, 90.2731640555536, 98.67161661275199, 107.8514088526063, 117.88523174949962, 128.85253899302592, 140.84017614886469, 153.94306835286224, 168.26497198388407], "Price Target Local": [63.24473085502776, 69.12862644167032, 75.55992300237774, 82.58954731210629, 90.2731640555536, 98.67161661275199, 107.8514088526063, 117.88523174949962, 128.85253899302592, 140.84017614886469, 153.94306835286224, 168.26497198388407], "Terminal cash flow": 15136570704.459234, "Terminal cost of capital": 7.417, "Terminal value": 336368237876.8719, "PV(Terminal value)": 146045721173.3999, "PV (CF over next 10 years)": 62129271239.27129, "Sum of PV": 208174992412.6712, "Value of operating assets": 208174992412.6712, "Debt": 6665000000, "Minority Interests": 1282000000, "Cash Marketable": 18915000000, "Non-operating assets": 0, "Value of equity": 219142992412.6712, "Value of equity in common stock": 219142992412.6712, "Number of shares": 3465000000, "Estimated value /share": 63.24473085502776, "Estimated value /share (Local Currency)": 63.24473085502776, "Current price": 268.43, "Valuation": 76.43902289050115}, "2022Q4": {"Date": [2022, 2023, 2024, 2025, 2026, 2027, 2028, 2029, 2030, 2031, 2032, "Terminal"], "revenueGrowth": [0.0, 45.45483788956519, 33.52573938497644, 21.59664088038769, 9.667542375798938, 9.66754237579894, 8.503867234039152, 7.340192092279365, 6.176516950519577, 5.01284180875979, 3.8491666670000018, 3.849166667], "Revenues": [81462000000.0, 118490420041.5976, 158215209460.90747, 192384380066.33282, 210983221533.66364, 231380113881.25632, 251056371571.68695, 269484391504.9554, 286129140625.2635, 300472341813.5718, 312038023038.21405, 324048886609.36676], "operatingMargin": [18.509117134369397, 16.98611394160959, 15.463110748849788, 13.940107556089984, 12.41710436333018, 10.894101170570377, 10.894101170570377, 10.894101170570377, 10.894101170570377, 10.894101170570377, 10.894101170570377, 10.894101170570377], "OperatingIncome": [15077897000.0, 20126917758.157578, 24464993060.464787, 26818589502.363735, 26198006806.95113, 25206783694.805016, 27350335114.182663, 29357902249.445805, 31171198058.199787, 32733760906.752544, 33993737920.430737, 35302213549.3313], "Effective_tax_rate": [8.251330271885706, 8.251330271885706, 8.251330271885706, 8.251330271885706, 8.251330271885706, 8.251330271885706, 12.001064217508565, 15.750798163131424, 19.500532108754282, 23.25026605437714, 26.999999999999996, 27.0], "EBIT(1-t)": [13833769920.475254, 18466179300.381184, 22446305682.051918, 24605699108.262436, 24036322740.658493, 23126888721.226818, 24068003833.425808, 24733798321.206173, 25092648572.177143, 25123074406.32888, 24815428681.914436, 25770615891.01185], "Reinvestment": [14768869015.947756, 14768869015.947756, 15844322035.906721, 13628450916.571339, 7418189951.68596, 8135346608.782458, 7847919847.175497, 7350057396.777164, 6638795802.926067, 5720818208.866029, 4612998094.303195, 9143135018.606247], "Invested Capital": [32491302800.0, 47260171815.947754, 62029040831.89551, 77873362867.80223, 91501813784.37357, 98920003736.05952, 107055350344.84198, 114903270192.01747, 122253327588.79463, 128892123391.7207, 134612941600.58673, 139225939694.88992], "cost_to_capital": [0.0, 10.114788327616338, 10.114788327616338, 10.114788327616338, 10.114788327616338, 10.114788327616338, 9.761663995493072, 9.408539663369805, 9.055415331246538, 8.70229099912327, 8.349166667000004, 8.349166667], "ROIC": [42.57683973347863, 39.07344935667341, 36.186768940831286, 31.597067600680163, 26.268684462693514, 23.37938520800553, 22.48183183362533, 21.525756647198083, 20.5251252191495, 19.49155134171887, 18.434653003531327, 10.849166667], "FCFF": [-935099095.4725018, 3697310284.433428, 6601983646.145197, 10977248191.691097, 16618132788.972534, 14991542112.444359, 16220083986.25031, 17383740924.42901, 18453852769.251076, 19402256197.462852, 20202430587.61124, 16627480872.405602], "Cumulated discount factor": [0.0, 0.9081432341537763, 0.8247241337392806, 0.7489676420986617, 0.6801698967720067, 0.6176916898285703, 0.5627572208215915, 0.5143631589938895, 0.47165301918437996, 0.4338942766056182, 0.40045926512674296, 0.0], "PV FCFF": [0.0, 3357687319.3753915, 5444815243.527994, 8221603694.8626795, 11303153663.618948, 9260150980.57193, 9127969385.595026, 8941555897.020662, 8703815374.201302, 8418527917.315017, 8090250506.888831, 0.0], "Price Target USD": [71.08356618525895, 78.29990682934377, 86.24884398041517, 95.00475018662732, 104.64954823131319, 115.27347762616886, 126.97593891814651, 139.8664237096351, 154.06553909346536, 169.70613608764899, 186.93455262781205, 205.91198274711917], "Price Target Local": [71.08356618525895, 78.29990682934377, 86.24884398041517, 95.00475018662732, 104.64954823131319, 115.27347762616886, 126.97593891814651, 139.8664237096351, 154.06553909346536, 169.70613608764899, 186.93455262781205, 205.91198274711917], "Terminal cash flow": 16627480872.405602, "Terminal cost of capital": 8.349166667, "Terminal value": 369499574942.3467, "PV(Terminal value)": 147969528246.05603, "PV (CF over next 10 years)": 80869529982.97777, "Sum of PV": 228839058229.0338, "Value of operating assets": 228839058229.0338, "Debt": 3099000000, "Minority Interests": 1194000000, "Cash Marketable": 22185000000, "Non-operating assets": 0, "Value of equity": 246731058229.0338, "Value of equity in common stock": 246731058229.0338, "Number of shares": 3471000000, "Estimated value /share": 71.08356618525895, "Estimated value /share (Local Currency)": 71.08356618525895, "Current price": 173.22, "Valuation": 58.963418666863554}, "2016Q3": {"Date": [2015, 2016, 2017, 2018, 2019, 2020, 2021, 2022, 2023, 2024, 2025, "Terminal"], "revenueGrowth": [0.0, 53.38459764055334, 38.81224588563521, 24.239894130717076, 9.667542375798943, 9.66754237579894, 8.045533900639152, 6.4235254254793634, 4.801516950319575, 3.1795084751597873, 1.5574999999999992, 1.5575], "Revenues": [5929880000.0, 9095522578.567644, 12625699166.344786, 15686155277.52959, 17202620986.118385, 18865691659.699463, 20383537277.770638, 21692878977.4203, 22734466238.533447, 23457310519.36996, 23822658130.709145, 24193696031.094936], "operatingMargin": [-3.900004721849346, -1.8638139121812087, 0.17237689748692864, 2.208567707155066, 4.244758516823204, 6.28094932649134, 6.28094932649134, 6.28094932649134, 6.28094932649134, 6.28094932649134, 6.28094932649134, 6.28094932649134], "OperatingIncome": [-231265600.0, -169523615.20492676, 21763788.508978155, 346439359.95371866, 730209719.4250759, 1184944533.2378263, 1280279647.3632462, 1362518736.028862, 1427940304.0905678, 1473341787.07935, 1496289085.4131105, 1519593787.9184196], "Effective_tax_rate": [0.0, 0.0, 0.0, 0.0, 0.0, 0.0, 5.4, 10.8, 16.200000000000003, 21.6, 27.0, 27.0], "EBIT(1-t)": [-231265600.0, -169523615.20492676, 21763788.508978155, 346439359.95371866, 730209719.4250759, 1184944533.2378263, 1211144546.4056308, 1215366712.537745, 1196613974.8278959, 1155099961.0702105, 1092291032.3515706, 1109303465.1804464], "Reinvestment": [2138867357.3873749, 2138867357.3873749, 2385164870.0107136, 2067798089.1613193, 1024600510.7012053, 1123654199.2558975, 1025532846.9567237, 884657111.9579489, 703748745.2779495, 488389955.08296436, 246847223.14620966, 201897767.69132867], "Invested Capital": [4006525200.0, 6145392557.387375, 8284259914.77475, 10669424784.785463, 12737222873.946783, 13761823384.647987, 14885477583.903885, 15911010430.86061, 16795667542.818558, 17499416288.096508, 17987806243.179474, 18234653466.325684], "cost_to_capital": [0.0, 8.63751620333862, 8.63751620333862, 8.63751620333862, 8.63751620333862, 8.63751620333862, 8.121512962670897, 7.605509722003172, 7.089506481335448, 6.573503240667724, 6.057499999999999, 6.0575], "ROIC": [-5.7722237713617774, -2.7585481907277423, 0.262712526319497, 3.247029403569526, 5.732880131340683, 8.610374513014692, 8.136417119161013, 7.6385262759959565, 7.124539538409359, 6.600791375286816, 6.07239714273518, 8.557500000000001], "FCFF": [-2370132957.387375, -2308390972.592302, -2363401081.501735, -1721358729.2076006, -294390791.27612936, 61290333.981928825, 185611699.44890714, 330709600.5797961, 492865229.5499464, 666710005.987246, 845443809.2053609, 907405697.4891177], "Cumulated discount factor": [0.0, 0.9204923261760547, 0.8473061225490043, 0.7799387837283462, 0.7179276653090283, 0.6608469066664515, 0.6112076020380974, 0.568007719694968, 0.530404647811096, 0.49768904247551954, 0.4692634113339646, 0.0], "PV FCFF": [0.0, -2124856176.0852933, -2002524206.3953586, -1342554433.6183476, -211351293.469349, 40503527.62051136, 113447281.73038258, 187845606.10656363, 261418008.4977743, 331814264.48864037, 396735845.99888915, 0.0], "Price Target USD": [2.3286795282025703, 2.5257068827161984, 2.7394045338320394, 2.971182939450682, 3.222571894970829, 3.4952306303212257, 3.7909587612928335, 4.1117081674527745, 4.459595875037253, 4.836918029853758, 5.246165052417206, 5.690038075347691], "Price Target Local": [2.3286795282025703, 2.5257068827161984, 2.7394045338320394, 2.971182939450682, 3.222571894970829, 3.4952306303212257, 3.7909587612928335, 4.1117081674527745, 4.459595875037253, 4.836918029853758, 5.246165052417206, 5.690038075347691], "Terminal cash flow": 907405697.4891177, "Terminal cost of capital": 6.0575, "Terminal value": 20164571055.313725, "PV(Terminal value)": 9462495401.502642, "PV (CF over next 10 years)": -4349521575.1255865, "Sum of PV": 5112973826.377055, "Value of operating assets": 5112973826.377055, "Debt": 2715461000, "Minority Interests": 0, "Cash Marketable": 3084257000, "Non-operating assets": 0, "Value of equity": 5481769826.377055, "Value of equity in common stock": 5481769826.377055, "Number of shares": 2354025000, "Estimated value /share": 2.3286795282025703, "Estimated value /share (Local Currency)": 2.3286795282025703, "Current price": 12.53, "Valuation": 81.41516737268499}, "2016Q1": {"Date": [2015, 2016, 2017, 2018, 2019, 2020, 2021, 2022, 2023, 2024, 2025, "Terminal"], "revenueGrowth": [0.0, 53.38459764055334, 38.81224588563521, 24.239894130717076, 9.667542375798943, 9.66754237579894, 8.115200567239151, 6.562858758679363, 5.010516950119575, 3.4581751415597872, 1.9058333329999995, 1.905833333], "Revenues": [4253192000.0, 6523741436.080203, 9055752003.194721, 11250856701.509413, 12338538040.76825, 13531371434.413593, 14629469365.814362, 15589580777.437025, 16370699364.743092, 16936826820.674124, 17259614511.775017, 17588553998.28773], "operatingMargin": [-9.745217239193527, -6.5399839260565535, -3.33475061291958, -0.12951729978260662, 3.075716013354367, 6.28094932649134, 6.28094932649134, 6.28094932649134, 6.28094932649134, 6.28094932649134, 6.28094932649134, 6.28094932649134], "OperatingIncome": [-414482800.0, -426651641.2971362, -301986745.4310131, -14571805.802205432, 379498390.3337292, 849898582.9748422, 918869557.6013741, 979173668.8432543, 1028235331.4917533, 1063793510.1221361, 1084067641.4323347, 1104728163.895019], "Effective_tax_rate": [0.0, 0.0, 0.0, 0.0, 0.0, 0.0, 5.4, 10.8, 16.200000000000003, 21.6, 27.0, 27.0], "EBIT(1-t)": [-414482800.0, -426651641.2971362, -301986745.4310131, -14571805.802205432, 379498390.3337292, 849898582.9748422, 869250601.4908999, 873422912.6081829, 861661207.7900892, 834014111.9357548, 791369378.2456043, 806451559.6433638], "Reinvestment": [2110157952.7931077, 2110157952.7931077, 2353149484.3718333, 2040042627.0210679, 1010847591.1909717, 1108571710.4241033, 1020528355.8552487, 892289196.00208, 725940414.6354781, 526136244.5777637, 299985986.9231293, 172579275.44220304], "Invested Capital": [4170908200.0, 6281066152.793108, 8391224105.586216, 10744373589.95805, 12784416216.979118, 13795263808.17009, 14903835518.594193, 15924363874.449442, 16816653070.451523, 17542593485.087, 18068729729.664764, 18368715716.587894], "cost_to_capital": [0.0, 8.986700419449797, 8.986700419449797, 8.986700419449797, 8.986700419449797, 8.986700419449797, 8.470527002159837, 7.954353584869878, 7.438180167579919, 6.92200675028996, 6.405833333, 6.405833333], "ROIC": [-9.93747117234563, -6.792662756901705, -3.59884018864392, -0.13562266501813183, 2.9684452062012294, 6.1607997845717115, 5.832395294529473, 5.484821368655016, 5.123856716198248, 4.7542235567662905, 4.379773177670343, 8.905833333], "FCFF": [-2524640752.793108, -2536809594.090244, -2655136229.8028464, -2054614432.8232732, -631349200.8572426, -258673127.44926107, -151277754.36434877, -18866283.393897057, 135720793.1546111, 307877867.3579911, 491383391.32247496, 633872284.2011608], "Cumulated discount factor": [0.0, 0.9175431462291886, 0.8418854251921583, 0.7724662017953111, 0.7087710691509811, 0.650328036745017, 0.5995435393543058, 0.5553676340463342, 0.5169183182180515, 0.4834536256182356, 0.45434879881561957, 0.0], "PV FCFF": [0.0, -2327632256.3459535, -2235320493.7706733, -1587120207.0768213, -447482048.0992053, -168222387.13277152, -90697600.27717295, -10477723.171716252, 70156564.1447016, 148844671.22183102, 223259453.60531205, 0.0], "Price Target USD": [-0.8769050338312405, -0.9540444828279577, -1.0379697231725922, -1.1292776863290883, -1.228617814537861, -1.3366966800758149, -1.454283010862728, -1.582213158159416, -1.721397045247538, -1.8728246394019663, -2.037572993188639, -2.2168139051702345], "Price Target Local": [0.8769050338312405, 0.9540444828279577, 1.0379697231725922, 1.1292776863290883, 1.228617814537861, 1.3366966800758149, 1.454283010862728, 1.582213158159416, 1.721397045247538, 1.8728246394019663, 2.037572993188639, 2.2168139051702345], "Terminal cash flow": 633872284.2011608, "Terminal cost of capital": 6.405833333, "Terminal value": 14086050760.025791, "PV(Terminal value)": 6399980242.873564, "PV (CF over next 10 years)": -6424692026.902469, "Sum of PV": -24711784.028904915, "Value of operating assets": -24711784.028904915, "Debt": 3162241000, "Minority Interests": 0, "Cash Marketable": 1441789000, "Non-operating assets": 0, "Value of equity": -1745163784.028905, "Value of equity in common stock": -1745163784.028905, "Number of shares": 1990140000, "Estimated value /share": -0.8769050338312405, "Estimated value /share (Local Currency)": 0.8769050338312405, "Current price": 13.91, "Valuation": 93.69586604003422}, "2016Q2": {"Date": [2015, 2016, 2017, 2018, 2019, 2020, 2021, 2022, 2023, 2024, 2025, "Terminal"], "revenueGrowth": [0.0, 53.38459764055334, 38.81224588563521, 24.239894130717076, 9.667542375798943, 9.66754237579894, 8.084700567239151, 6.501858758679363, 4.919016950119575, 3.3361751415597873, 1.7533333329999996, 1.753333333], "Revenues": [4568233000.0, 7006965806.332978, 9726526604.209316, 12084226355.665686, 13252474059.38713, 14533662604.920143, 15708665707.980747, 16730020965.186756, 17552973532.22285, 18138571471.80944, 18456601091.554707, 18780206830.63178], "operatingMargin": [-11.068656086499965, -7.598735003901704, -4.128813921303443, -0.6588928387051824, 2.8110282438930785, 6.28094932649134, 6.28094932649134, 6.28094932649134, 6.28094932649134, 6.28094932649134, 6.28094932649134, 6.28094932649134], "OperatingIncome": [-505642000.0, -532440763.43724734, -401590184.4938773, -79622102.07040545, 372530788.8239758, 912851983.4982555, 986653332.986193, 1050804139.1347576, 1102493372.8513544, 1139274482.6937654, 1159249761.9531987, 1179575274.4422474], "Effective_tax_rate": [0.0, 0.0, 0.0, 0.0, 0.0, 0.0, 5.4, 10.8, 16.200000000000003, 21.6, 27.0, 27.0], "EBIT(1-t)": [-505642000.0, -532440763.43724734, -401590184.4938773, -79622102.07040545, 372530788.8239758, 912851983.4982555, 933374053.0049385, 937317292.1082039, 923889446.4494349, 893191194.4319121, 846252326.225835, 861089950.3428406], "Reinvestment": [2207932506.123692, 2207932506.123692, 2462183094.6046643, 2134568373.9531007, 1057685398.5613512, 1159937582.6699064, 1063801470.7091662, 924694770.5092577, 745068799.2708449, 530177280.1738216, 287931475.5278914, 172480317.5215054], "Invested Capital": [4135898000.0, 6343830506.123692, 8551763012.247383, 11013946106.852047, 13148514480.805147, 14206199879.366499, 15366137462.036406, 16429938932.745571, 17354633703.25483, 18099702502.525673, 18629879782.699493, 18917811258.227386], "cost_to_capital": [0.0, 8.633506435817974, 8.633506435817974, 8.633506435817974, 8.633506435817974, 8.633506435817974, 8.157471815254379, 7.681437194690784, 7.20540257412719, 6.729367953563595, 6.2533333330000005, 6.2533333330000005], "ROIC": [-12.225688351115043, -8.393048378629961, -4.695992907178801, -0.7229207524528433, 2.8332538201772883, 6.425729549420943, 6.074226885649912, 5.7049347288813745, 5.323589435806767, 4.9348390909037, 4.542446521913154, 8.753333333], "FCFF": [-2713574506.123692, -2740373269.5609393, -2863773279.0985417, -2214190476.023506, -685154609.7373754, -247085599.1716509, -130427417.70422769, 12622521.598946214, 178820647.17858994, 363013914.25809044, 558320850.6979436, 688609632.8213352], "Cumulated discount factor": [0.0, 0.9205263024358074, 0.8473686734761394, 0.7800251517949256, 0.7180336687887122, 0.6609688781544905, 0.6111171674607028, 0.5675232271981914, 0.529379316313632, 0.49600154715050615, 0.4668103405245911, 0.0], "PV FCFF": [0.0, -2522585673.1228557, -2426671764.6461453, -1727124262.163114, -491964078.11722594, -163315891.2926162, -79706434.06662154, 7163574.1932128295, 94663951.94616315, 180055463.10917404, 260629946.43628642, 0.0], "Price Target USD": [0.11277908760108807, 0.12230143645750265, 0.1326277918870506, 0.14382603909110284, 0.15596979506566871, 0.1691388925576798, 0.18341990488346416, 0.1989067150595546, 0.2157011329872827, 0.23391356474851432, 0.25366373841246037, 0.27508149112499813], "Price Target Local": [0.11277908760108807, 0.12230143645750265, 0.1326277918870506, 0.14382603909110284, 0.15596979506566871, 0.1691388925576798, 0.18341990488346416, 0.1989067150595546, 0.2157011329872827, 0.23391356474851432, 0.25366373841246037, 0.27508149112499813], "Terminal cash flow": 688609632.8213352, "Terminal cost of capital": 6.2533333330000005, "Terminal value": 15302436284.918556, "PV(Terminal value)": 7143335493.01869, "PV (CF over next 10 years)": -6868855167.723743, "Sum of PV": 274480325.2949467, "Value of operating assets": 274480325.2949467, "Debt": 3283974000, "Minority Interests": 0, "Cash Marketable": 3246301000, "Non-operating assets": 0, "Value of equity": 236807325.29494667, "Value of equity in common stock": 236807325.29494667, "Number of shares": 2099745000, "Estimated value /share": 0.11277908760108807, "Estimated value /share (Local Currency)": 0.11277908760108807, "Current price": 15.34, "Valuation": 99.26480386179212}, "2016Q4": {"Date": [2016, 2017, 2018, 2019, 2020, 2021, 2022, 2023, 2024, 2025, 2026, "Terminal"], "revenueGrowth": [0.0, 56.65593417225202, 40.99313690676766, 25.330339641283302, 9.667542375798943, 9.66754237579894, 8.155033900639152, 6.642525425479365, 5.130016950319577, 3.6175084751597892, 2.1050000000000013, 2.105], "Revenues": [7000132000.0, 10966122177.890749, 15461479655.636915, 19377924965.977665, 21251294073.61408, 23305771933.58637, 25206365535.57598, 26880704775.115883, 28259689486.444695, 29281986148.67067, 29898371957.10019, 30527732686.79715], "operatingMargin": [-3.0347827726677155, -1.1716363528359042, 0.6915100669959071, 2.554656486827718, 4.41780290665953, 6.28094932649134, 6.28094932649134, 6.28094932649134, 6.28094932649134, 6.28094932649134, 6.28094932649134, 6.28094932649134], "OperatingIncome": [-212438800.0, -128483073.93256839, 106917688.32525338, 495039417.15595627, 938840287.2868872, 1463823725.296201, 1583199046.339705, 1688363445.5287666, 1774976776.4673922, 1839186711.788218, 1877901592.07136, 1917431420.5844624], "Effective_tax_rate": [0.0, 0.0, 0.0, 0.0, 0.0, 0.0, 5.4, 10.8, 16.200000000000003, 21.6, 27.0, 27.0], "EBIT(1-t)": [-212438800.0, -128483073.93256839, 106917688.32525338, 495039417.15595627, 938840287.2868872, 1463823725.296201, 1497706297.8373609, 1506020193.41166, 1487430538.6796746, 1441922382.041963, 1370868162.2120929, 1399724937.0266576], "Reinvestment": [3685832856.836287, 3685832856.836287, 4177805680.677091, 3639787835.9178267, 1741034420.2064178, 1909349660.5571184, 1766335777.8237839, 1556064010.695201, 1281573309.5924602, 950081684.0324419, 572844349.9084492, 323604721.84965557], "Invested Capital": [10323259400.0, 14009092256.836287, 17694925113.672573, 21872730794.349663, 25512518630.26749, 27253553050.473907, 29162902711.031025, 30929238488.85481, 32485302499.55001, 33766875809.14247, 34716957493.17491, 35289801843.08336], "cost_to_capital": [0.0, 8.535060545993337, 8.535060545993337, 8.535060545993337, 8.535060545993337, 8.535060545993337, 8.14904843679467, 7.763036327596003, 7.377024218397336, 6.991012109198669, 6.605000000000002, 6.605], "ROIC": [-2.0578655613361803, -0.917140608235127, 0.6042279785781058, 2.263272116364358, 3.6799200458909915, 5.371129858133293, 5.135655777059687, 4.869244336404682, 4.578780015055358, 4.270227397382019, 3.9486990254880348, 9.105], "FCFF": [-3898271656.836287, -3814315930.7688556, -4070887992.3518376, -3144748418.7618704, -802194132.9195306, -445525935.2609174, -268629479.986423, -50043817.283540964, 205857229.08721447, 491840698.00952125, 798023812.3036437, 1076120215.177002], "Cumulated discount factor": [0.0, 0.9213612587208493, 0.8489065690716677, 0.7821496250162694, 0.7206423630130302, 0.6639719546732527, 0.6139415596072456, 0.5697144220592336, 0.5305738599166936, 0.49590507600318035, 0.4651799409063181, 0.0], "PV FCFF": [0.0, -3514362927.1321807, -3455803558.662448, -2459663796.505103, -578095075.5423194, -295816726.09282035, -164922801.89934793, -28510684.441330425, 109222464.62855843, 243906298.7278689, 371224669.84924364, 0.0], "Price Target USD": [-1.5206416121375947, -1.645355451455001, -1.780297566516765, -1.9263068187136931, -2.084290867780572, -2.2552318142207537, -2.4401923044883187, -2.640322136880404, -2.856865409204915, -3.0911682526567614, -3.344687199979913, -3.6189982399355505], "Price Target Local": [1.5206416121375947, 1.645355451455001, 1.780297566516765, 1.9263068187136931, 2.084290867780572, 2.2552318142207537, 2.4401923044883187, 2.640322136880404, 2.856865409204915, 3.0911682526567614, 3.344687199979913, 3.6189982399355505], "Terminal cash flow": 1076120215.177002, "Terminal cost of capital": 6.605, "Terminal value": 23913782559.488934, "PV(Terminal value)": 11124211957.869602, "PV (CF over next 10 years)": -9772822137.06988, "Sum of PV": 1351389820.7997227, "Value of operating assets": 1351389820.7997227, "Debt": 7128431000, "Minority Interests": 1152214000, "Cash Marketable": 3393216000, "Non-operating assets": 0, "Value of equity": -3536039179.2002773, "Value of equity in common stock": -3536039179.2002773, "Number of shares": 2325360000, "Estimated value /share": -1.5206416121375947, "Estimated value /share (Local Currency)": 1.5206416121375947, "Current price": 16.67, "Valuation": 90.87797473222798}, "2019Q3": {"Date": [2018, 2019, 2020, 2021, 2022, 2023, 2024, 2025, 2026, 2027, 2028, "Terminal"], "revenueGrowth": [0.0, 55.441615760542284, 40.18359129896117, 24.925566837380053, 9.667542375798938, 9.66754237579894, 8.097267234039151, 6.526992092279363, 4.956716950519574, 3.3864418087597863, 1.8161666669999983, 1.816166667], "Revenues": [24420013000.0, 37958862776.134476, 53212097055.82986, 66475513873.05227, 72902062346.2597, 79949900116.41573, 86423657182.18927, 92064522452.32939, 96627900242.1389, 99900147854.86539, 101714501040.48917, 103561805903.89189], "operatingMargin": [1.7448582029829387, 2.652076427684619, 3.559294652386299, 4.46651287708798, 5.3737311017896605, 6.28094932649134, 6.28094932649134, 6.28094932649134, 6.28094932649134, 6.28094932649134, 6.28094932649134, 6.28094932649134], "OperatingIncome": [426094600.0, 1006698051.9030138, 1893975324.9307597, 2969137387.250286, 3917560798.1470466, 5021612712.892513, 5428226113.7139015, 5782526002.907052, 6069149449.461348, 6274677663.854021, 6388636268.046632, 6504664550.422767], "Effective_tax_rate": [0.0, 0.0, 0.0, 0.0, 0.0, 0.0, 5.4, 10.8, 16.200000000000003, 21.6, 27.0, 27.0], "EBIT(1-t)": [426094600.0, 1006698051.9030138, 1893975324.9307597, 2969137387.250286, 3917560798.1470466, 5021612712.892513, 5135101903.573351, 5158013194.59309, 5085947238.648609, 4919347288.461553, 4663704475.674041, 4748405121.8086195], "Reinvestment": [10446805665.828897, 10446805665.828897, 11769653768.980156, 10234276932.347368, 4958833587.176117, 5438230925.561717, 4995260536.322475, 4352587128.055299, 3521179549.0880275, 2524921648.8748345, 1399985630.4485037, 978191024.441631], "Invested Capital": [18842895400.0, 29289701065.828896, 39736506731.65779, 51506160500.63795, 61740437432.98531, 66699271020.16143, 72137501945.72314, 77132762482.04562, 81485349610.10092, 85006529159.18895, 87531450808.06378, 88931436438.51228], "cost_to_capital": [0.0, 8.757494738222137, 8.757494738222137, 8.757494738222137, 8.757494738222137, 8.757494738222137, 8.26922912397771, 7.780963509733282, 7.292697895488855, 6.804432281244428, 6.316166667000001, 6.316166667], "ROIC": [2.2613010949474357, 3.4370376455548315, 4.766335746926247, 5.764625742610946, 6.345210628608308, 7.528737025288645, 7.118491443517192, 6.687188463908229, 6.241548036529692, 5.787022875912569, 5.328032875749387, 8.816166667000001], "FCFF": [-10020711065.828897, -9440107613.925884, -9875678444.049397, -7265139545.097082, -1041272789.0290704, -416618212.66920376, 139841367.25087547, 805426066.5377913, 1564767689.5605817, 2394425639.586718, 3263718845.2255373, 3770214097.3669887], "Cumulated discount factor": [0.0, 0.9194768621757856, 0.8454377000766287, 0.7773604036315714, 0.7147649047108595, 0.6572097917769155, 0.6070143817356942, 0.5631925731308545, 0.5249123045441977, 0.4914705254571872, 0.4622726165405822, 0.0], "PV FCFF": [0.0, -8679960527.454315, -8349270870.43346, -5647631809.216359, -744265245.8283744, -273805568.7987981, 84885721.08286433, 453609978.8800815, 821365814.0035447, 1176789627.255846, 1508727850.2352166, 0.0], "Price Target USD": [3.096101545317813, 3.3534235802705785, 3.6321320680586417, 3.9340044715602223, 4.260965981484227, 4.615101794270522, 4.998670410426472, 5.414118038109846, 5.864094193816939, 6.351468599669244, 6.879349485061106, 7.451103409387084], "Price Target Local": [3.096101545317813, 3.3534235802705785, 3.6321320680586417, 3.9340044715602223, 4.260965981484227, 4.615101794270522, 4.998670410426472, 5.414118038109846, 5.864094193816939, 6.351468599669244, 6.879349485061106, 7.451103409387084], "Terminal cash flow": 3770214097.3669887, "Terminal cost of capital": 6.316166667, "Terminal value": 83782535497.04419, "PV(Terminal value)": 38730371904.622826, "PV (CF over next 10 years)": -19649555030.273754, "Sum of PV": 19080816874.34907, "Value of operating assets": 19080816874.34907, "Debt": 14413000000, "Minority Interests": 1442000000, "Cash Marketable": 5338000000, "Non-operating assets": 0, "Value of equity": 8563816874.3490715, "Value of equity in common stock": 8563816874.3490715, "Number of shares": 2766000000, "Estimated value /share": 3.096101545317813, "Estimated value /share (Local Currency)": 3.096101545317813, "Current price": 21.08, "Valuation": 85.31261126509575}, "2019Q1": {"Date": [2018, 2019, 2020, 2021, 2022, 2023, 2024, 2025, 2026, 2027, 2028, "Terminal"], "revenueGrowth": [0.0, 55.441615760542284, 40.18359129896117, 24.925566837380053, 9.667542375798938, 9.66754237579894, 8.261600567239151, 6.855658758679363, 5.449716950119575, 4.043775141559786, 2.6378333329999983, 2.637833333], "Revenues": [22593981000.0, 35120449131.02993, 49233106872.20255, 61504737831.75215, 67450734424.76083, 73971562758.0622, 80082797806.47792, 85573001148.49321, 90236487496.80867, 93885448146.82132, 96361989792.8746, 98903858479.97311], "operatingMargin": [1.4723363713548312, 2.434058962382133, 3.3957815534094347, 4.357504144436737, 5.319226735464039, 6.28094932649134, 6.28094932649134, 6.28094932649134, 6.28094932649134, 6.28094932649134, 6.28094932649134, 6.28094932649134], "OperatingIncome": [332659400.0, 854852439.702692, 1671848761.336607, 2680071500.0435495, 3587857498.7887244, 4646116372.847627, 5029959949.461397, 5374796839.294711, 5667708053.680246, 5896897423.05115, 6052447748.889212, 6212101233.07182], "Effective_tax_rate": [0.0, 0.0, 0.0, 0.0, 0.0, 0.0, 5.4, 10.8, 16.200000000000003, 21.6, 27.0, 27.0], "EBIT(1-t)": [332659400.0, 854852439.702692, 1671848761.336607, 2680071500.0435495, 3587857498.7887244, 4646116372.847627, 4758342112.190481, 4794318780.650883, 4749539348.984046, 4623167579.672102, 4418286856.689124, 4534833900.142428], "Reinvestment": [9680534010.181124, 9680534010.181124, 10906351399.96438, 9483594227.972069, 4595103874.52756, 5039337488.809493, 4722801200.751162, 4242863959.676974, 3603971824.1929812, 2819939930.774065, 1913887089.439119, 1241164441.0217872], "Invested Capital": [17460771800.0, 27141305810.18112, 36821839820.36224, 47728191220.32662, 57211785448.29869, 61806889322.82625, 66846226811.63574, 71569028012.3869, 75811891972.06387, 79415863796.25685, 82235803727.03091, 84149690816.47003], "cost_to_capital": [0.0, 9.885782519073455, 9.885782519073455, 9.885782519073455, 9.885782519073455, 9.885782519073455, 9.336192681858764, 8.786602844644072, 8.23701300742938, 7.687423170214689, 7.137833332999998, 7.137833333], "ROIC": [1.9051815338426221, 3.1496363722559866, 4.5403726959131605, 5.615279840946817, 6.271186033917801, 7.517149663656901, 7.118340614196357, 6.69887368013591, 6.2649001699287705, 5.821466088353506, 5.372704657152676, 9.637833333], "FCFF": [-9347874610.181124, -8825681570.478432, -9234502638.627773, -6803522727.928519, -1007246375.7388358, -393221115.9618664, 35540911.43931961, 551454820.9739089, 1145567524.7910647, 1803227648.898037, 2504399767.250005, 3293669459.120641], "Cumulated discount factor": [0.0, 0.9100358363707558, 0.828165223479021, 0.7536600318019048, 0.6858576373800568, 0.6241550286644305, 0.5708585724038946, 0.5247508033862645, 0.4848164124320814, 0.4502070884041517, 0.42021298583185124, 0.0], "PV FCFF": [0.0, -8031686509.532305, -7647693941.436779, -5127543155.495589, -690827619.5238628, -245430936.90463805, 20288833.966183238, 289376360.3372873, 555389937.5679035, 811825869.5402491, 1052381303.9127178, 0.0], "Price Target USD": [0.39105282954113324, 0.4280576325533397, 0.46856415027652015, 0.5129037452614497, 0.5614391364511622, 0.6145673663941531, 0.6727230492409741, 0.7363819260943754, 0.8060647567974459, 0.8823415799964303, 0.9658363763275548, 1.0572321728749496], "Price Target Local": [0.39105282954113324, 0.4280576325533397, 0.46856415027652015, 0.5129037452614497, 0.5614391364511622, 0.6145673663941531, 0.6727230492409741, 0.7363819260943754, 0.8060647567974459, 0.8823415799964303, 0.9658363763275548, 1.0572321728749496], "Terminal cash flow": 3293669459.120641, "Terminal cost of capital": 7.137833333, "Terminal value": 73192654647.12537, "PV(Terminal value)": 30756503950.228073, "PV (CF over next 10 years)": -19013919857.568832, "Sum of PV": 11742584092.65924, "Value of operating assets": 11742584092.65924, "Debt": 11493661000, "Minority Interests": 1432310000, "Cash Marketable": 2198169000, "Non-operating assets": 0, "Value of equity": 1014782092.6592407, "Value of equity in common stock": 1014782092.6592407, "Number of shares": 2595000000, "Estimated value /share": 0.39105282954113324, "Estimated value /share (Local Currency)": 0.39105282954113324, "Current price": 16.1, "Valuation": 97.57110043763272}, "2019Q2": {"Date": [2018, 2019, 2020, 2021, 2022, 2023, 2024, 2025, 2026, 2027, 2028, "Terminal"], "revenueGrowth": [0.0, 55.441615760542284, 40.18359129896117, 24.925566837380053, 9.667542375798938, 9.66754237579894, 8.197367234039152, 6.727192092279364, 5.257016950519576, 3.786841808759788, 2.316666667, 2.316666667], "Revenues": [24941426000.0, 38769355568.11999, 54348274958.85436, 67894890558.68669, 74458657874.45004, 81656980176.91365, 88350702714.2418, 94294224200.70753, 99251287550.29965, 103009776802.9868, 105396169965.93268, 107837847903.8281], "operatingMargin": [2.636573385980417, 3.3654485740826017, 4.0943237621847866, 4.823198950286971, 5.552074138389156, 6.28094932649134, 6.28094932649134, 6.28094932649134, 6.28094932649134, 6.28094932649134, 6.28094932649134, 6.28094932649134], "OperatingIncome": [657599000.0, 1304762724.1483078, 2225194335.977898, 3274705648.7250648, 4133999887.639002, 5128833546.455026, 5549262867.080537, 5922572439.854574, 6233923076.92453, 6469991882.327433, 6619880027.622917, 6773240581.618247], "Effective_tax_rate": [0.0, 0.0, 0.0, 0.0, 0.0, 0.0, 5.4, 10.8, 16.200000000000003, 21.6, 27.0, 27.0], "EBIT(1-t)": [657599000.0, 1304762724.1483078, 2225194335.977898, 3274705648.7250648, 4133999887.639002, 5128833546.455026, 5249602672.258187, 5282934616.35028, 5224027538.462756, 5072473635.744707, 4832512420.164729, 4944465624.58132], "Reinvestment": [9659216598.03796, 9659216598.03796, 10882334626.971624, 9462710495.055725, 4584985039.860907, 5028240411.513497, 4675762594.588583, 4151725036.6404862, 3462654936.737262, 2625415583.313447, 1666966000.6161747, 1229482507.8552828], "Invested Capital": [17422321600.0, 27081538198.03796, 36740754796.07592, 47623089423.04755, 57085799918.10327, 61670784957.96418, 66699025369.47768, 71374787964.06625, 75526513000.70674, 78989167937.444, 81614583520.75745, 83281549521.37363], "cost_to_capital": [0.0, 9.212745189165515, 9.212745189165515, 9.212745189165515, 9.212745189165515, 9.212745189165515, 8.733529484732411, 8.254313780299308, 7.775098075866205, 7.295882371433102, 6.816666666999999, 6.816666667], "ROIC": [3.7744625262800797, 4.817904782981778, 6.056474202363309, 6.8762982166802615, 7.241730681832859, 8.316471972832716, 7.870583780164909, 7.401681696077306, 6.9168128262639, 6.421733217600021, 5.921138369756738, 9.316666667], "FCFF": [-9001617598.03796, -8354453873.889652, -8657140290.993727, -6188004846.33066, -450985152.22190475, 100593134.94152832, 573840077.6696043, 1131209579.7097936, 1761372601.7254944, 2447058052.43126, 3165546419.5485544, 3714983116.726037], "Cumulated discount factor": [0.0, 0.9156440471008372, 0.8384040209912003, 0.7676796508859979, 0.7029213024142129, 0.6436257061359414, 0.5919293792687147, 0.5467951886610519, 0.5073483563672064, 0.472849791766366, 0.4426741692291063, 0.0], "PV FCFF": [0.0, -7649705956.405589, -7258181230.25407, -4750405400.111984, -317007070.5692934, 64744327.509169206, 339672800.9744799, 618539955.5526059, 893629494.4356596, 1157090890.5323305, 1401305631.4298284, 0.0], "Price Target USD": [4.346107468809755, 4.743359246995094, 5.176921442353486, 5.650112973685761, 6.166556122377482, 6.730204260964588, 7.345372116201937, 8.016768798298559, 8.749533849158427, 9.54927658557605, 10.422119038559062, 11.37474281747834], "Price Target Local": [4.346107468809755, 4.743359246995094, 5.176921442353486, 5.650112973685761, 6.166556122377482, 6.730204260964588, 7.345372116201937, 8.016768798298559, 8.749533849158427, 9.54927658557605, 10.422119038559062, 11.37474281747834], "Terminal cash flow": 3714983116.726037, "Terminal cost of capital": 6.816666667, "Terminal value": 82555180371.68971, "PV(Terminal value)": 36545045886.59676, "PV (CF over next 10 years)": -15500316556.906864, "Sum of PV": 21044729329.6899, "Value of operating assets": 21044729329.6899, "Debt": 13025486000, "Minority Interests": 1435068000, "Cash Marketable": 4954740000, "Non-operating assets": 0, "Value of equity": 11538915329.6899, "Value of equity in common stock": 11538915329.6899, "Number of shares": 2655000000, "Estimated value /share": 4.346107468809755, "Estimated value /share (Local Currency)": 4.346107468809755, "Current price": 15.72, "Valuation": 72.35300592360207}, "2019Q4": {"Date": [2019, 2020, 2021, 2022, 2023, 2024, 2025, 2026, 2027, 2028, 2029, "Terminal"], "revenueGrowth": [0.0, 45.72867724780082, 33.70829895713352, 21.687920666466226, 9.667542375798932, 9.66754237579894, 8.089133900639151, 6.510725425479363, 4.932316950319574, 3.3539084751597863, 1.7754999999999983, 1.7755], "Revenues": [24578140000.0, 35817398314.11263, 47890834016.50102, 58277360104.50879, 63911348588.10912, 70090005295.80916, 75759679675.15222, 80692184402.02408, 84672178690.86824, 87512006068.08371, 89065781735.82254, 90647144690.54207], "operatingMargin": [1.2315537302660007, 2.2414328495110687, 3.251311968756137, 4.261191088001205, 5.2710702072462725, 6.28094932649134, 6.28094932649134, 6.28094932649134, 6.28094932649134, 6.28094932649134, 6.28094932649134, 6.28094932649134], "OperatingIncome": [302693000.0, 802822931.6527442, 1557080418.315633, 2483309675.095698, 3368812054.4771314, 4402317715.56487, 4758427090.308471, 5068235212.730082, 5318216637.209633, 5496584755.732365, 5594176618.070394, 5693501223.9242325], "Effective_tax_rate": [0.0, 0.0, 0.0, 0.0, 0.0, 0.0, 5.4, 10.8, 16.200000000000003, 21.6, 27.0, 27.0], "EBIT(1-t)": [302693000.0, 802822931.6527442, 1557080418.315633, 2483309675.095698, 3368812054.4771314, 4402317715.56487, 4501472027.431813, 4520865809.755233, 4456665541.981672, 4309322448.494174, 4083748931.191387, 4156255893.4646897], "Reinvestment": [8041184401.412021, 8041184401.412021, 8638000847.403923, 7431092802.527262, 4030865653.757228, 4420551298.945737, 4056397308.976552, 3528985539.8918767, 2847507112.9005713, 2031768909.492385, 1111656687.0810888, 840913035.023253], "Invested Capital": [17584555000.0, 25625739401.41202, 33666923802.824043, 42304924650.22797, 49736017452.755226, 53766883106.51245, 58187434405.45819, 62243831714.434746, 65772817254.32662, 68620324367.227196, 70652093276.71957, 71763749963.80066], "cost_to_capital": [0.0, 7.748741962026724, 7.748741962026724, 7.748741962026724, 7.748741962026724, 7.748741962026724, 7.454093569621379, 7.159445177216034, 6.864796784810689, 6.570148392405343, 6.275499999999998, 6.2755], "ROIC": [1.721357179638609, 3.132877139960719, 4.624956017469652, 5.87002505175793, 6.773385218623912, 8.187786721510076, 7.736158284733651, 7.263154733944206, 6.775847117432858, 6.2799505660050325, 5.780082007190882, 8.775500000000001], "FCFF": [-7738491401.412021, -7238361469.759276, -7080920429.08829, -4947783127.431564, -662053599.2800965, -18233583.380867004, 445074718.45526123, 991880269.8633561, 1609158429.081101, 2277553539.001789, 2972092244.110298, 3315342858.441437], "Cumulated discount factor": [0.0, 0.928085081821581, 0.8613419190997708, 0.7993985854640684, 0.741909901598476, 0.6885555117292628, 0.6407903960244528, 0.5979784562758226, 0.5595654268448641, 0.5250676998069576, 0.49406278945472626, 0.0], "PV FCFF": [0.0, -6717815296.915717, -6099093591.38368, -3955250833.251777, -491184120.6948133, -12554834.335471062, 285199605.09941864, 593123032.583336, 900429423.2297772, 1195869797.9108653, 1468400184.641891, 0.0], "Price Target USD": [5.320444382255133, 5.7211719089559665, 6.152081604498062, 6.61544674250318, 7.113711815997047, 7.649505433386335, 8.225654185740401, 8.845197558534942, 9.51140396652479, 10.227787996338186, 10.998128947756205, 11.826490771492274], "Price Target Local": [5.320444382255133, 5.7211719089559665, 6.152081604498062, 6.61544674250318, 7.113711815997047, 7.649505433386335, 8.225654185740401, 8.845197558534942, 9.51140396652479, 10.227787996338186, 10.998128947756205, 11.826490771492274], "Terminal cash flow": 3315342858.441437, "Terminal cost of capital": 6.2755, "Terminal value": 73674285743.14304, "PV(Terminal value)": 36399723125.34182, "PV (CF over next 10 years)": -12832876633.11617, "Sum of PV": 23566846492.225647, "Value of operating assets": 23566846492.225647, "Debt": 13419000000, "Minority Interests": 1492000000, "Cash Marketable": 6268000000, "Non-operating assets": 0, "Value of equity": 14923846492.225647, "Value of equity in common stock": 14923846492.225647, "Number of shares": 2805000000, "Estimated value /share": 5.320444382255133, "Estimated value /share (Local Currency)": 5.320444382255133, "Current price": 53.6, "Valuation": 90.07379779430012}, "2013Q3": {"Date": [2012, 2013, 2014, 2015, 2016, 2017, 2018, 2019, 2020, 2021, 2022, "Terminal"], "revenueGrowth": [0.0, 60.52461311620389, 43.57225620273557, 26.619899289267256, 9.667542375798938, 9.66754237579894, 8.275067234039152, 6.882592092279364, 5.490116950519576, 4.097641808759788, 2.7051666670000003, 2.705166667], "Revenues": [1704609000.0, 2736317002.3939915, 3928592057.1961155, 4974379306.307875, 5455279533.678162, 5982670994.314785, 6477741041.485692, 6923577534.165321, 7303690037.950897, 7602969094.528196, 7808642080.175685, 8019878862.873933], "operatingMargin": [-0.8274742184278037, 0.594210490556025, 2.0158951995398535, 3.4375799085236824, 4.859264617507511, 6.28094932649134, 6.28094932649134, 6.28094932649134, 6.28094932649134, 6.28094932649134, 6.28094932649134, 6.28094932649134], "OperatingIncome": [-14105200.0, 16259482.683093255, 79196298.69052047, 170998263.60739923, 265086468.16615164, 375768533.52360725, 406863632.3170487, 434866396.5012625, 458741070.247692, 477538636.1361135, 490456852.14291406, 503724527.42310166], "Effective_tax_rate": [0.0, 0.0, 0.0, 0.0, 0.0, 0.0, 5.4, 10.8, 16.200000000000003, 21.6, 27.0, 27.0], "EBIT(1-t)": [-14105200.0, 16259482.683093255, 79196298.69052047, 170998263.60739923, 265086468.16615164, 375768533.52360725, 384892996.17192805, 387900825.67912614, 384425016.8675659, 374390290.730713, 358033502.06432724, 367718905.0188642], "Reinvestment": [624991317.7973903, 624991317.7973903, 722260131.6929312, 633520288.1449246, 291321251.8811521, 319484857.35647076, 299905089.8756151, 270080232.4256847, 230265747.77064666, 181298207.9477716, 124593227.96457186, 102496016.6902789], "Invested Capital": [1032623400.0, 1657614717.7973905, 2282606035.594781, 3004866167.287712, 3638386455.4326367, 3929707707.313789, 4249192564.6702595, 4549097654.545875, 4819177886.97156, 5049443634.742207, 5230741842.689979, 5355335070.654551], "cost_to_capital": [0.0, 8.577645201141868, 8.577645201141868, 8.577645201141868, 8.577645201141868, 8.577645201141868, 8.303149494313494, 8.028653787485121, 7.754158080656747, 7.479662373828374, 7.205166667, 7.205166667], "ROIC": [-1.365957811918653, 0.9808963752866874, 3.469556176385217, 5.690711468915359, 7.285824950517261, 9.562251483087262, 9.058026679518019, 8.526983923756838, 7.976983333751643, 7.4144859872235624, 6.844793966742656, 9.705166667], "FCFF": [-639096517.7973903, -608731835.114297, -643063833.0024107, -462522024.5375254, -26234783.71500045, 56283676.16713649, 84987906.29631293, 117820593.25344145, 154159269.0969192, 193092082.7829414, 233440274.09975538, 265222888.32858533], "Cumulated discount factor": [0.0, 0.9209998965693938, 0.8482408094808341, 0.7812296977977872, 0.7195124708687008, 0.6626709112504625, 0.6118667041028721, 0.5663929732074061, 0.5256344472418842, 0.48905479942210706, 0.45618584871119683, 0.0], "PV FCFF": [0.0, -560641957.1787648, -545472986.2538128, -361335941.4542717, -18876254.05348593, 37297554.974202275, 52001270.114128724, 66732756.117877156, 81031422.19897202, 94432609.8154083, 106492149.56357132, 0.0], "Price Target USD": [0.9620470968683213, 1.0436028193892244, 1.1320722739899374, 1.2280415592272984, 1.33214645905445, 1.4450766548063103, 1.5675802942481425, 1.7004689479565749, 1.8446229858684426, 2.000997409616387, 2.170628179289669, 2.354639076534164], "Price Target Local": [0.9620470968683213, 1.0436028193892244, 1.1320722739899374, 1.2280415592272984, 1.33214645905445, 1.4450766548063103, 1.5675802942481425, 1.7004689479565749, 1.8446229858684426, 2.000997409616387, 2.170628179289669, 2.354639076534164], "Terminal cash flow": 265222888.32858533, "Terminal cost of capital": 7.205166667, "Terminal value": 5893841962.857452, "PV(Terminal value)": 2688687297.9957933, "PV (CF over next 10 years)": -1048339376.1561755, "Sum of PV": 1640347921.8396177, "Value of operating assets": 1640347921.8396177, "Debt": 676902000, "Minority Interests": 0, "Cash Marketable": 795116000, "Non-operating assets": 0, "Value of equity": 1758561921.8396177, "Value of equity in common stock": 1758561921.8396177, "Number of shares": 1827937455, "Estimated value /share": 0.9620470968683213, "Estimated value /share (Local Currency)": 0.9620470968683213, "Current price": 9.2, "Valuation": 89.54296633838781}, "2013Q1": {"Date": [2012, 2013, 2014, 2015, 2016, 2017, 2018, 2019, 2020, 2021, 2022, "Terminal"], "revenueGrowth": [0.0, 60.52461311620389, 43.57225620273557, 26.619899289267256, 9.667542375798938, 9.66754237579894, 8.122567234039153, 6.577592092279365, 5.032616950519577, 3.487641808759789, 1.942666667000001, 1.942666667], "Revenues": [944881000.0, 1516766569.6585183, 2177655985.387572, 2757345815.564444, 3023913390.731456, 3316251499.187878, 3585616256.859245, 3821463468.2299023, 4013783086.4899535, 4153769463.5273056, 4234463358.3192754, 4316724866.507673], "operatingMargin": [-13.440613156577388, -9.496300659963643, -5.551988163349897, -1.6076756667361507, 2.3366368298775955, 6.28094932649134, 6.28094932649134, 6.28094932649134, 6.28094932649134, 6.28094932649134, 6.28094932649134, 6.28094932649134], "OperatingIncome": [-126997800.0, -144036713.7645898, -120903202.54719855, -44329177.72459703, 70657873.9914316, 208292076.203, 225210740.13576475, 240024183.96989867, 252103681.73771408, 260896155.14342126, 265964497.78487712, 271131301.42939794], "Effective_tax_rate": [0.0, 0.0, 0.0, 0.0, 0.0, 0.0, 5.4, 10.8, 16.200000000000003, 21.6, 27.0, 27.0], "EBIT(1-t)": [-126997800.0, -144036713.7645898, -120903202.54719855, -44329177.72459703, 70657873.9914316, 208292076.203, 213049360.16843343, 214101572.10114962, 211262885.2962044, 204542585.63244227, 194154083.3829603, 197925850.0434605], "Reinvestment": [531487605.4783738, 531487605.4783738, 614204224.9143927, 538740573.4766853, 247737256.78773332, 271687361.06832933, 250336846.47875023, 219186977.74624908, 178734171.34232646, 130097747.30913576, 74993682.644094, 42996565.3126665], "Invested Capital": [941496200.0, 1472983805.4783738, 2004471410.9567475, 2618675635.8711405, 3157416209.347826, 3405153466.135559, 3676840827.2038884, 3927177673.6826386, 4146364651.428888, 4325098822.7712145, 4455196570.08035, 4530190252.724444], "cost_to_capital": [0.0, 8.022605113206604, 8.022605113206604, 8.022605113206604, 8.022605113206604, 8.022605113206604, 7.706617423965283, 7.390629734723962, 7.0746420454826415, 6.758654356241321, 6.442666667, 6.442666667], "ROIC": [-13.488933890545706, -9.778567369775779, -6.031675078343504, -1.6928090335957275, 2.23783845101708, 6.116965895207847, 5.794359075653818, 5.4517923529642545, 5.095135210150912, 4.72920027989987, 4.357924063033177, 8.942666667000001], "FCFF": [-658485405.4783738, -675524319.2429636, -735107427.4615912, -583069751.2012823, -177079382.79630172, -63395284.865329325, -37287486.3103168, -5085405.645099461, 32528713.953877926, 74444838.3233065, 119160400.73886628, 154929284.73079398], "Cumulated discount factor": [0.0, 0.9257321640706684, 0.8569800395949629, 0.7933339866196121, 0.7344147882641842, 0.6798713912653049, 0.6312252742922275, 0.5877843121429481, 0.5489481925078693, 0.5141954962040759, 0.48307273042370136, 0.0], "PV FCFF": [0.0, -625354589.9351537, -629972392.2925858, -462569050.1978186, -130049717.42229834, -43100640.52105178, -23536803.773897402, -2989121.659072652, 17856578.729586795, 38279200.581484795, 57563140.143306576, 0.0], "Price Target USD": [-0.20485008725009277, -0.22112822636826363, -0.23869988611270115, -0.2576678543757087, -0.2781430869524353, -0.30024535659238727, -0.3241039536269535, -0.3498584422713627, -0.37765947702516756, -0.4076696839469054, -0.4400646119580745, -0.4750337597412135], "Price Target Local": [0.20485008725009277, 0.22112822636826363, 0.23869988611270115, 0.2576678543757087, 0.2781430869524353, 0.30024535659238727, 0.3241039536269535, 0.3498584422713627, 0.37765947702516756, 0.4076696839469054, 0.4400646119580745, 0.4750337597412135], "Terminal cash flow": 154929284.73079398, "Terminal cost of capital": 6.442666667, "Terminal value": 3442872994.017643, "PV(Terminal value)": 1663158057.7221265, "PV (CF over next 10 years)": -1803873396.3475003, "Sum of PV": -140715338.62537384, "Value of operating assets": -140715338.62537384, "Debt": 455538000, "Minority Interests": 0, "Cash Marketable": 214417000, "Non-operating assets": 0, "Value of equity": -381836338.62537384, "Value of equity in common stock": -381836338.62537384, "Number of shares": 1863979380, "Estimated value /share": -0.20485008725009277, "Estimated value /share (Local Currency)": 0.20485008725009277, "Current price": 5.12, "Valuation": 95.99902173339663}, "2013Q2": {"Date": [2012, 2013, 2014, 2015, 2016, 2017, 2018, 2019, 2020, 2021, 2022, "Terminal"], "revenueGrowth": [0.0, 60.52461311620389, 43.57225620273557, 26.619899289267256, 9.667542375798938, 9.66754237579894, 8.134267234039152, 6.600992092279364, 5.067716950519577, 3.5344418087597886, 2.0011666670000006, 2.001166667], "Revenues": [1323367000.0, 2124329756.8575137, 3049948161.106419, 3861841289.967807, 4235186433.1615453, 4644624876.281526, 5022431075.736926, 5353961353.886501, 5625284960.941675, 5824107384.463075, 5940657480.091236, 6059539937.383465], "operatingMargin": [-5.269845779742127, -2.9596867584954336, -0.6495277372487402, 1.6606312839979531, 3.9707903052446465, 6.28094932649134, 6.28094932649134, 6.28094932649134, 6.28094932649134, 6.28094932649134, 6.28094932649134, 6.28094932649134], "OperatingIncome": [-69739400.0, -62873506.52049007, -19810259.278094087, 64130944.59955551, 168170372.2970152, 291726534.8848537, 315456350.8249903, 336279599.59754086, 353321297.8674848, 365809233.53856593, 373129685.9849479, 380596632.8855605], "Effective_tax_rate": [0.0, 0.0, 0.0, 0.0, 0.0, 0.0, 5.4, 10.8, 16.200000000000003, 21.6, 27.0, 27.0], "EBIT(1-t)": [-69739400.0, -62873506.52049007, -19810259.278094087, 64130944.59955551, 168170372.2970152, 291726534.8848537, 298421707.8804408, 299961402.84100646, 296083247.61295223, 286794439.0942357, 272384670.769012, 277835542.0064592], "Reinvestment": [624505426.2032934, 624505426.2032934, 721698619.6898881, 633027765.8107195, 291094767.85899085, 319236477.8954923, 294573024.26748663, 258491990.8978096, 211549242.9732899, 155020544.06019232, 90873347.75697663, 61769240.15967723], "Invested Capital": [1031820600.0, 1656326026.2032933, 2280831452.4065866, 3002530072.0964746, 3635557837.907194, 3926652605.766185, 4245889083.6616774, 4540462107.929164, 4798954098.826974, 5010503341.800263, 5165523885.8604555, 5256397233.617433], "cost_to_capital": [0.0, 7.908819212504277, 7.908819212504277, 7.908819212504277, 7.908819212504277, 7.908819212504277, 7.627288703403421, 7.345758194302565, 7.064227685201709, 6.782697176100854, 6.501166666999998, 6.501166667], "ROIC": [-6.758868741329646, -3.795961998170832, -0.8685542834474496, 2.135896828995853, 4.625710270471789, 7.429395064296268, 7.028485718780961, 6.606406918740134, 6.169745355249907, 5.7238648401178605, 5.273127697939955, 9.001166667], "FCFF": [-694244826.2032934, -687378932.7237835, -741508878.9679822, -568896821.211164, -122924395.56197566, -27509943.010638595, 3848683.6129541397, 41469411.94319686, 84534004.63966233, 131773895.0340434, 181511323.01203534, 216066301.84678194], "Cumulated discount factor": [0.0, 0.9267083147585047, 0.8587883006425477, 0.7958462588227755, 0.737517345320515, 0.6834634561871407, 0.6350280346377694, 0.5915725458739867, 0.5525398713129214, 0.5174432618064511, 0.4858568952811142, 0.0], "PV FCFF": [0.0, -636999772.344957, -636799150.080274, -452754406.81707424, -90658873.88999718, -18802040.729562327, 2444021.9906768566, 24532165.599134076, 46708408.04516492, 68185514.06735632, 88188527.85699494, 0.0], "Price Target USD": [0.49593564041423166, 0.5348261120753863, 0.5767663116906839, 0.6219953939989848, 0.6707712678673798, 0.7233720669596253, 0.7800977357320221, 0.8412717398005277, 0.9072429104320946, 0.9783874336780394, 1.0551109954920366, 1.1378510950648], "Price Target Local": [0.49593564041423166, 0.5348261120753863, 0.5767663116906839, 0.6219953939989848, 0.6707712678673798, 0.7233720669596253, 0.7800977357320221, 0.8412717398005277, 0.9072429104320946, 0.9783874336780394, 1.0551109954920366, 1.1378510950648], "Terminal cash flow": 216066301.84678194, "Terminal cost of capital": 6.501166667, "Terminal value": 4801473374.372932, "PV(Terminal value)": 2332828946.4477677, "PV (CF over next 10 years)": -1605955606.302538, "Sum of PV": 726873340.1452298, "Value of operating assets": 726873340.1452298, "Debt": 593684000, "Minority Interests": 0, "Cash Marketable": 746057000, "Non-operating assets": 0, "Value of equity": 879246340.1452298, "Value of equity in common stock": 879246340.1452298, "Number of shares": 1772904120, "Estimated value /share": 0.49593564041423166, "Estimated value /share (Local Currency)": 0.49593564041423166, "Current price": 10.2, "Valuation": 95.13788587829185}, "2013Q4": {"Date": [2013, 2014, 2015, 2016, 2017, 2018, 2019, 2020, 2021, 2022, 2023, "Terminal"], "revenueGrowth": [0.0, 142.20028175867373, 98.02270196438212, 53.84512217009053, 9.66754237579893, 9.66754237579894, 8.281833900639151, 6.896125425479363, 5.510416950319575, 4.124708475159787, 2.738999999999999, 2.739], "Revenues": [2013496000.0, 4876692985.199624, 9656959215.799782, 14856760703.462992, 16293044340.141317, 17868181306.032192, 19347994402.86283, 20682256364.198982, 21821934924.600353, 22722026123.879196, 23344382419.412247, 23983785053.879948], "operatingMargin": [2.564971571833269, 3.3081671227648832, 4.051362673696498, 4.794558224628112, 5.537753775559726, 6.28094932649134, 6.28094932649134, 6.28094932649134, 6.28094932649134, 6.28094932649134, 6.28094932649134, 6.28094932649134], "OperatingIncome": [51645600.0, 161329154.01455528, 391238441.0830064, 712316042.2212023, 902268678.099796, 1122291413.3974805, 1215237724.1361952, 1299042041.8103683, 1370624674.6740644, 1427158946.7929769, 1466248830.3456364, 1506409385.8088033], "Effective_tax_rate": [0.0, 0.0, 0.0, 0.0, 0.0, 0.0, 5.4, 10.8, 16.200000000000003, 21.6, 27.0, 27.0], "EBIT(1-t)": [51645600.0, 161329154.01455528, 391238441.0830064, 712316042.2212023, 902268678.099796, 1122291413.3974805, 1149614887.0328405, 1158745501.2948484, 1148583477.3768659, 1118892614.285694, 1070361646.1523145, 1099678851.6404264], "Reinvestment": [1487005125.9836981, 1487005125.9836981, 2482637563.9584613, 2700523752.372477, 745935798.7408159, 818049458.1803417, 768542881.2127472, 692950707.2576041, 591893561.6553131, 467463550.045313, 323221561.92175114, 309274091.24582887], "Invested Capital": [1045711800.0, 2532716925.983698, 4019722051.967396, 6502359615.925858, 9202883368.298334, 9948819167.03915, 10766868625.219492, 11535411506.43224, 12228362213.689844, 12820255775.345158, 13287719325.39047, 13610940887.312222], "cost_to_capital": [0.0, 8.293140436355584, 8.293140436355584, 8.293140436355584, 8.293140436355584, 8.293140436355584, 8.082312349084468, 7.871484261813351, 7.660656174542234, 7.449828087271118, 7.239000000000001, 7.239], "ROIC": [4.938798625013125, 6.369805972370782, 9.732972479814128, 10.95473157892663, 9.804195511244762, 11.280649437429503, 10.677337367524578, 10.045116298180803, 9.3927825926763, 8.727537374390412, 8.055269831799079, 9.739], "FCFF": [-1435359525.9836981, -1325675971.969143, -2091399122.875455, -1988207710.1512747, 156332879.35898018, 304241955.21713877, 381072005.8200933, 465794794.0372443, 556689915.7215527, 651429064.2403809, 747140084.2305634, 790404760.3945975], "Cumulated discount factor": [0.0, 0.9234195222066766, 0.8527036139924068, 0.7874031638167747, 0.7271034533157116, 0.6714215234556189, 0.6212131373420845, 0.5758826269918998, 0.5349053660403705, 0.49781872671393995, 0.46421425667335575, 0.0], "PV FCFF": [0.0, -1224155072.6366174, -1783343590.37645, -1565521041.2980187, 113670176.44870302, 204274597.0710075, 236726936.28874123, 268243129.6293192, 297776423.1400202, 324293587.3045998, 346833078.83195937, 0.0], "Price Target USD": [3.0463802726799223, 3.297616560957365, 3.56957241373353, 3.8639565823833086, 4.182618739740698, 4.527561101952002, 4.900951008788253, 5.305134541461398, 5.742651263507627, 6.216250177357675, 6.728906996852326, 7.2838428442296825], "Price Target Local": [3.0463802726799223, 3.297616560957365, 3.56957241373353, 3.8639565823833086, 4.182618739740698, 4.527561101952002, 4.900951008788253, 5.305134541461398, 5.742651263507627, 6.216250177357675, 6.728906996852326, 7.2838428442296825], "Terminal cash flow": 790404760.3945975, "Terminal cost of capital": 7.239, "Terminal value": 17564550230.99106, "PV(Terminal value)": 8153714629.281333, "PV (CF over next 10 years)": -2781201775.5967355, "Sum of PV": 5372512853.684597, "Value of operating assets": 5372512853.684597, "Debt": 606878000, "Minority Interests": 0, "Cash Marketable": 845889000, "Non-operating assets": 0, "Value of equity": 5611523853.684597, "Value of equity in common stock": 5611523853.684597, "Number of shares": 1842030000, "Estimated value /share": 3.0463802726799223, "Estimated value /share (Local Currency)": 3.0463802726799223, "Current price": 16.87, "Valuation": 81.94202565097854}, "2010Q3": {"Date": [2009, 2010, 2011, 2012, 2013, 2014, 2015, 2016, 2017, 2018, 2019, "Terminal"], "revenueGrowth": [0.0, 9.66754237579894, 9.66754237579894, 9.66754237579894, 9.66754237579894, 9.66754237579894, 8.289567234039152, 6.911592092279364, 5.533616950519576, 4.155641808759788, 2.777666667, 2.777666667], "Revenues": [99043000.0, 108618023.99526255, 119118717.49276002, 130634569.98388082, 143263722.39451522, 157113803.46615192, 170137857.83843473, 181897092.56676948, 191962580.9135465, 199939858.18316415, 205493520.97796494, 211201446.0130145], "operatingMargin": [-59.76192158961259, -46.55334740639181, -33.34477322317102, -20.13619903995023, -6.9276248567294445, 6.28094932649134, 6.28094932649134, 6.28094932649134, 6.28094932649134, 6.28094932649134, 6.28094932649134, 6.28094932649134], "OperatingIncome": [-59190000.0, -50565326.05647259, -39719866.21431058, -26304837.02693732, -9924773.243278304, 9868238.380632197, 10686272.63600996, 11424864.210479837, 12057072.433004793, 12558121.17594319, 12906943.92184883, 13265455.800894406], "Effective_tax_rate": [0.0, 0.0, 0.0, 0.0, 0.0, 0.0, 5.4, 10.8, 16.200000000000003, 21.6, 27.0, 27.0], "EBIT(1-t)": [-59190000.0, -50565326.05647259, -39719866.21431058, -26304837.02693732, -9924773.243278304, 9868238.380632197, 10109213.913665421, 10190978.875748014, 10103826.698858015, 9845567.00193946, 9422069.062949646, 9683782.734652916], "Reinvestment": [8898644.843720727, 8898644.843720727, 9758925.104859272, 10702373.324794022, 11737029.801184684, 12871712.130874358, 12104035.910677094, 10928563.054585692, 9354462.821283238, 7413762.856086415, 5161352.370204955, 2750995.859093701], "Invested Capital": [262668000.0, 271566644.84372073, 280465289.68744147, 290224214.79230076, 300926588.11709476, 312663617.9182794, 325535330.04915375, 337639365.9598308, 348567929.0144165, 357922391.83569974, 365336154.69178617, 370497507.0619911], "cost_to_capital": [0.0, 8.25094058609907, 8.25094058609907, 8.25094058609907, 8.25094058609907, 8.25094058609907, 8.056285802279255, 7.861631018459441, 7.666976234639627, 7.472321450819813, 7.277666666999998, 7.277666667], "ROIC": [-22.534149572844807, -18.619858887887933, -14.16213259707664, -9.063625874830054, -3.298071235704981, 3.1561837755013276, 3.105412218126676, 3.0183029300441353, 2.8986679088425626, 2.7507546961350657, 2.5790135856930236, 9.777666667], "FCFF": [-68088644.84372073, -59463970.90019332, -49478791.31916985, -37007210.351731345, -21661803.044462986, -3003473.7502421606, -1994821.9970116727, -737584.1788376775, 749363.8775747772, 2431804.1458530454, 4260716.692744691, 6932786.8755592145], "Cumulated discount factor": [0.0, 0.9237795021324867, 0.853368568560145, 0.7883243914000035, 0.7282379138063909, 0.6727312574500686, 0.6225748483350874, 0.5771976952847485, 0.5360953891998009, 0.49882181938828074, 0.4649819807664821, 0.0], "PV FCFF": [0.0, -54931597.433001265, -42223645.3221261, -29173686.577940524, -15774946.258384652, -2020530.6727186819, -1241926.0022450383, -425731.88810360123, 401730.5196007222, 1213036.96843038, 1981156.4872772412, 0.0], "Price Target USD": [-0.02269489765375863, -0.024558887086792144, -0.02657597069365575, -0.028758722486650883, -0.031120749213560693, -0.03367677517883118, -0.0364427340313308, -0.03943586809087134, -0.042674835832667415, -0.04617982819976708, -0.04997269446851683, -0.05407707845167618], "Price Target Local": [0.02269489765375863, 0.024558887086792144, 0.02657597069365575, 0.028758722486650883, 0.031120749213560693, 0.03367677517883118, 0.0364427340313308, 0.03943586809087134, 0.042674835832667415, 0.04617982819976708, 0.04997269446851683, 0.05407707845167618], "Terminal cash flow": 6932786.8755592145, "Terminal cost of capital": 7.277666667, "Terminal value": 154061930.56798255, "PV(Terminal value)": 71636021.63620877, "PV (CF over next 10 years)": -142196140.17921153, "Sum of PV": -70560118.54300275, "Value of operating assets": -70560118.54300275, "Debt": 57414000, "Minority Interests": 0, "Cash Marketable": 96563000, "Non-operating assets": 0, "Value of equity": -31411118.543002754, "Value of equity in common stock": -31411118.543002754, "Number of shares": 1384060815, "Estimated value /share": -0.02269489765375863, "Estimated value /share (Local Currency)": 0.02269489765375863, "Current price": 1.99, "Valuation": 98.85955288172067}, "2010Q4": {"Date": [2010, 2011, 2012, 2013, 2014, 2015, 2016, 2017, 2018, 2019, 2020, "Terminal"], "revenueGrowth": [0.0, 9.66754237579894, 9.66754237579894, 9.66754237579894, 9.66754237579894, 9.66754237579894, 8.298467234039151, 6.929392092279363, 5.560316950519574, 4.191241808759786, 2.822166666999998, 2.822166667], "Revenues": [116744000.0, 128030275.67120272, 140407656.82556844, 153981626.54804662, 168867865.5455235, 185193238.00624415, 200561438.18184847, 214459126.61938325, 226383733.78873706, 235872023.48752207, 242528725.11116531, 249373289.94915265], "operatingMargin": [-49.423867607757145, -38.28290422090745, -27.14194083405775, -16.00097744720805, -4.860014060358354, 6.28094932649134, 6.28094932649134, 6.28094932649134, 6.28094932649134, 6.28094932649134, 6.28094932649134, 6.28094932649134], "OperatingIncome": [-57699400.0, -49013707.80897031, -38109363.14208263, -24638565.336797062, -8207002.008939483, 11631893.435260698, 12597162.300684158, 13470069.068999363, 14219047.60268963, 14815002.270621013, 15233106.326417772, 15663009.975510601], "Effective_tax_rate": [0.0, 0.0, 0.0, 0.0, 0.0, 0.0, 5.4, 10.8, 16.200000000000003, 21.6, 27.0, 27.0], "EBIT(1-t)": [-57699400.0, -49013707.80897031, -38109363.14208263, -24638565.336797062, -8207002.008939483, 11631893.435260698, 11916915.536447212, 12015301.609547433, 11915561.89105391, 11614961.780166874, 11120167.618284974, 11433997.282122739], "Reinvestment": [10489013.798404051, 10489013.798404051, 11503043.652168151, 12615105.271748163, 13834675.91964606, 15172149.076732293, 14282591.387506953, 12915956.515147611, 11082253.595757792, 8818037.453023273, 6186472.598787063, 3285287.970992173], "Invested Capital": [288514600.0, 299003613.79840404, 309492627.5968081, 320995671.24897623, 333610776.5207244, 347445452.4403705, 362617601.5171028, 376900192.90460974, 389816149.41975737, 400898403.01551515, 409716440.4685384, 415902913.0673255], "cost_to_capital": [0.0, 8.107055137054953, 8.107055137054953, 8.107055137054953, 8.107055137054953, 8.107055137054953, 7.950077443043963, 7.793099749032972, 7.636122055021982, 7.479144361010992, 7.322166667000001, 7.322166666999999], "ROIC": [-19.99877995775604, -16.39234629519114, -12.31349626580755, -7.675669033457611, -2.4600530278222745, 3.3478329773957807, 3.286358821687026, 3.1879266277235376, 3.056713250282284, 2.8972332373490057, 2.7141131084630903, 9.822166667], "FCFF": [-68188413.79840405, -59502721.60737436, -49612406.79425079, -37253670.60854523, -22041677.928585544, -3540255.6414715946, -2365675.8510597404, -900654.905600179, 833308.2952961177, 2796924.3271436, 4933695.019497911, 8148709.311130566], "Cumulated discount factor": [0.0, 0.9250090095713265, 0.8556416677881263, 0.7914762516686527, 0.7321226636552464, 0.6772200599924608, 0.6273455990337496, 0.5819904989228011, 0.5407018460078822, 0.5030760611488703, 0.4687531725946405, 0.0], "PV FCFF": [0.0, -55040553.58083573, -42450442.49241571, -29485395.574150033, -16137211.956507102, -2397532.137906041, -1484096.3339027483, -524172.59786751645, 450571.3335602922, 1407065.6738308566, 2312685.193004023, 0.0], "Price Target USD": [-0.022069543883475616, -0.023846093920358184, -0.025765652351533424, -0.027839731040114436, -0.030080768529029096, -0.03250220463671936, -0.03511856105763127, -0.037945528450868224, -0.041000060539290444, -0.04430047578338624, -0.04786656723966765, -0.0517197212624268], "Price Target Local": [0.022069543883475616, 0.023846093920358184, 0.025765652351533424, 0.027839731040114436, 0.030080768529029096, 0.03250220463671936, 0.03511856105763127, 0.037945528450868224, 0.041000060539290444, 0.04430047578338624, 0.04786656723966765, 0.0517197212624268], "Terminal cash flow": 8148709.311130566, "Terminal cost of capital": 7.322166666999999, "Terminal value": 181082429.13623482, "PV(Terminal value)": 84882963.15875424, "PV (CF over next 10 years)": -143349082.47318974, "Sum of PV": -58466119.3144355, "Value of operating assets": -58466119.3144355, "Debt": 72603000, "Minority Interests": 0, "Cash Marketable": 99558000, "Non-operating assets": 0, "Value of equity": -31511119.314435497, "Value of equity in common stock": -31511119.314435497, "Number of shares": 1427810175, "Estimated value /share": -0.022069543883475616, "Estimated value /share (Local Currency)": 0.022069543883475616, "Current price": 1.62, "Valuation": 98.63768247632866}}